1884 3135
902 296 957 341 13

192 420 237 464 δὲ
269 418 328 477 τῷ
364 414 524 474 Ἠλείῳ
557 416 729 475 πρῶτον
754 420 869 460 ἐντυ-

192 478 310 535 χόντι
330 482 508 536 μυρίους
523 477 703 535 χρυσοῦς
719 478 867 529 ἔδωκε,

189 537 448 597 Ξενοκράτει
480 539 526 582 δὲ
553 538 612 594 τῷ
635 535 871 588 Πλάτωνος

189 598 371 673 συνήθει
404 596 666 658 πεντήκοντα
685 595 870 641 τάλαντα

190 658 356 718 δωρεὰν
386 663 598 717 ἔπεμψεν.

343 749 404 787 Ex
457 747 534 787 hac
582 746 809 787 sententiae
857 745 1125 795 congruentia
1161 745 1262 785 satis
1295 756 1496 796 apparere
1527 747 1625 795 puto

194 820 317 847 unum
366 807 621 857 eundemque
670 810 711 846 et
743 806 868 845 vitam
917 810 957 845 et
991 806 1215 845 orationem
1256 805 1491 856 scripsisse,
1548 803 1627 844 etsi

195 867 433 918 discrepant
464 866 545 906 loci
579 866 628 906 de
665 865 917 905 Dandamide
950 869 991 904 et
1008 864 1174 905 Calamo
1207 864 1247 904 in
1280 865 1377 915 vita,
1414 864 1626 915 Pyrrhone

189 927 231 966 in
263 926 449 966 oratione
498 926 733 977 appellatis,
784 925 893 976 quod
941 924 1158 965 offensioni
1206 937 1297 964 esse
1346 937 1425 964 non
1473 927 1624 975 potest.

191 986 367 1025 Primum
417 987 522 1026 enim
559 986 808 1037 Pyrrhonem
842 984 1067 1025 Alexandri
1104 984 1356 1041 expeditioni
1390 983 1624 1024 interfuisse

190 1047 291 1087 satis
339 1050 502 1087 constat
548 1059 599 1086 ex
633 1046 757 1095 Diog.
794 1045 930 1086 Laert.
964 1045 1021 1084 IX
1053 1044 1107 1085 61
1158 1048 1283 1095 atque
1338 1044 1414 1084 hoc
1461 1044 1626 1094 aliaque

193 1106 454 1146 Plutarchum
488 1107 539 1146 de
572 1107 649 1146 hoc
682 1106 930 1157 philosopho
962 1105 1178 1144 notissimo
1202 1108 1451 1155 compertum
1473 1104 1627 1144 habere

191 1166 389 1218 potuisse,
439 1167 517 1206 etsi
557 1166 607 1206 de
640 1166 716 1205 bac
748 1178 792 1205 re
824 1169 1042 1216 praeterea
1072 1165 1202 1204 verba
1234 1177 1315 1203 non
1348 1164 1458 1215 facit,
1507 1176 1625 1203 nemo

191 1226 371 1276 negabit.
433 1226 537 1265 Tum
585 1238 683 1265 vero
717 1226 759 1264 in
791 1225 1024 1264 nominibus
1058 1224 1231 1263 variatis
1265 1224 1511 1263 haerendum
1544 1236 1625 1263 non

190 1289 272 1336 est,
327 1298 416 1325 cum
464 1289 505 1325 et
537 1285 761 1325 cavendum
796 1285 871 1335 sit,
926 1296 975 1324 ne
1028 1283 1149 1323 nimis
1182 1283 1368 1334 angustis
1401 1283 1554 1323 normis
1586 1286 1627 1323 et

190 1344 344 1394 regulis
377 1344 610 1384 libertatem
660 1343 875 1394 scriptoris
924 1355 1185 1383 coerceamus
1224 1347 1265 1382 et
1296 1347 1441 1393 postea
1473 1343 1513 1381 in
1545 1343 1625 1382 fine

190 1402 370 1442 eiusdem
406 1402 553 1453 capitis
589 1403 644 1443 10
677 1404 778 1442 or.I
813 1403 863 1442 de
895 1402 1155 1453 philosophis
1188 1403 1301 1442 Indis
1335 1402 1507 1452 dicatur,
1547 1402 1626 1442 etsi

190 1462 355 1502 nomina
386 1475 468 1502 non
501 1462 718 1501 adduntur.

332 1557 463 1608 Adde,
500 1557 608 1608 quod
640 1555 761 1598 etiam
792 1558 832 1597 in
855 1558 978 1597 rebus
1003 1557 1244 1598 enarrandis
1268 1561 1308 1597 et
1330 1557 1625 1609 componendis

193 1617 488 1667 proprietatem
521 1630 618 1657 vere
651 1618 935 1657 Plutarcheam
988 1622 1033 1657 ut
1074 1618 1115 1657 in
1168 1619 1262 1657 aliis
1316 1619 1418 1658 eius*
1458 1617 1626 1668 scriptis

191 1676 564 1718 animadvertimus.
624 1677 818 1717 Abundat
849 1678 955 1717 enim
987 1681 1199 1728 poetarum
1231 1677 1433 1728 versibus,
1483 1689 1627 1716 narra-

190 1736 402 1786 tiunculis,
455 1737 846 1787 comparationibus,
897 1749 1003 1786 quae
1051 1737 1187 1776 omnia
1233 1738 1487 1787 perlustrare
1535 1749 1626 1776 cum

190 1795 355 1846 longum
410 1795 476 1847 sit,
532 1796 633 1835 duas
687 1808 752 1836 res
804 1796 950 1836 afferre
983 1796 1111 1836 iuvat.
1191 1796 1253 1835 Ex
1306 1795 1626 1836 narratiunculis

190 1855 419 1894 Alexandri
452 1860 493 1895 et
514 1856 713 1906 Diogenis
737 1856 984 1906 colloquium
1008 1855 1061 1907 (c.
1089 1857 1143 1896 lO
1167 1855 1220 1907 m)
1244 1857 1628 1896 commemoratione

190 1914 354 1964 dignum
387 1919 499 1967 puto,
550 1916 658 1966 quod
693 1916 856 1967 longior
902 1916 1125 1967 explicatio
1174 1916 1376 1967 sequitur,
1427 1926 1509 1965 qua
1556 1928 1629 1955 cur

189 1986 263 2014 rex
295 1974 494 2025 Diogenis
533 1976 659 2014 vitam
693 1976 867 2015 otiosam
902 1977 1052 2015 imitari
1087 1989 1167 2015 non
1200 1977 1381 2026 potuerit
1413 1977 1625 2026 docemur;

190 2033 295 2074 idem
345 2035 594 2086 colloquium
643 2036 682 2074 in
733 2036 803 2075 lib.
844 2036 896 2075 ad
937 2036 1067 2087 princ.
1102 2036 1260 2076 inerud.
1296 2049 1330 2076 c.
1367 2037 1392 2076 5
1416 2049 1466 2076 m.
1502 2048 1628 2076 causa

190 2098 266 2144 est,
300 2106 373 2133 cur
405 2095 578 2134 similem
627 2096 703 2135 etsi
751 2108 826 2146 pro
868 2096 978 2136 illius
1012 2096 1154 2147 scripti
1188 2096 1348 2136 ratione
1380 2097 1504 2147 paulo
1541 2109 1627 2135 mu-

189 2156 315 2193 tatam
349 2154 644 2205 expositionem
678 2155 920 2196 Plutarchus
954 2155 1171 2204 addiderit,
1206 2167 1287 2206 qua
1320 2156 1360 2195 in
1394 2156 1623 2196 variatione

191 2213 436 2253 haerendum
485 2227 565 2254 non
612 2218 687 2255 est.
723 2216 858 2255 Verba
890 2220 984 2255 sunt
1033 2216 1132 2255 haec
1164 2215 1222 2267 (p.
1243 2215 1397 2268 782a):
1449 2215 1518 2255 ἵνα
1564 2214 1624 2270 μὴ

191 2266 425 2324 πάσχωμεν
472 2268 519 2313 τὸ
558 2270 630 2313 τοῦ
661 2267 961 2328 Ἀλεξάνδρου,
1012 2267 1058 2322 ὃς
1090 2275 1137 2314 ἐν
1169 2274 1381 2328 Κορίνθῳ
1414 2275 1627 2343 Διογένην

189 2326 460 2384 θεασάμενος
493 2333 565 2373 καὶ
613 2327 668 2373 δι’
722 2327 904 2403 εὐφυΐαν
951 2327 1175 2389 αγαπὴσας
1208 2334 1281 2374 καὶ
1312 2329 1546 2386 θαυμάσας
1579 2329 1626 2374 τὸ

190 2386 389 2461 φρόνημα
407 2392 479 2431 καὶ
496 2388 543 2432 τὸ
558 2394 750 2461 μέγεθος
767 2407 840 2434 του
858 2388 1022 2462 ἀνδρὸς,
1041 2393 1202 2443 εἶπεν,
1205 2395 1262 2443 ,εἰ
1278 2389 1626 2464 μὴἈλέξανὸρος

189 2465 319 2507 ημην,
362 2452 578 2521 Διογένης
634 2446 686 2492 ἂν
721 2447 881 2509 ἤμηνω
951 2447 1095 2508 ὀλίγου
1157 2451 1267 2494 δέων
1328 2455 1488 2503 εἰπεῖν,
1553 2449 1628 2522 τὴν

190 2511 292 2565 περὶ
323 2504 451 2551 αὑτὸν
481 2505 680 2564 ευτυχίαν
718 2512 790 2552 καὶ
820 2509 1101 2581 λαμπρότητα
1134 2514 1207 2553 καὶ
1238 2509 1418 2566 δύναμιν
1450 2508 1509 2563 ὥς
1542 2509 1626 2554 κώ-

188 2568 307 2612 λυσιν
353 2564 505 2629 ἀρετῆς
552 2572 625 2612 καὶ
671 2565 874 2625 ἀσχολίαν
917 2569 1202 2642 βαρυνόμενος
1255 2575 1327 2615 καὶ
1376 2570 1628 2631 ζηλοτυπῶν

190 2626 261 2676 τὸν
291 2632 475 2691 τρίβωνα
507 2633 580 2674 καὶ
606 2628 701 2697 τὴν
748 2628 902 2695 πήραν,
943 2627 1009 2679 ότι
1047 2630 1211 2687 τούτοις
1243 2623 1295 2695 ἦν
1327 2629 1523 2694 ἀνίκητος
1556 2636 1629 2691 καὶ
