1884 3135
410 604 655 654 Priusquam
719 603 772 642 ad
827 603 1054 644 orationem
1114 605 1286 644 alteram
1339 605 1678 655 perscrutandam

234 664 442 714 accedam,
476 676 646 704 necesse
680 667 743 703 est
775 664 826 703 de
858 664 1010 715 priore,
1046 677 1220 714 quacum
1254 664 1482 704 orationem
1515 666 1553 704 11
1585 678 1679 715 per-

235 723 375 764 multis
408 724 512 764 locis
546 723 866 775 comparandam
899 737 991 764 esse
1023 738 1099 776 per
1131 737 1175 765 se
1199 724 1464 776 intellegitur,
1498 725 1681 765 breviter

235 784 460 835 disputare,
496 797 585 824 cum
619 784 852 835 nuperrime
875 785 1094 825 Kaerstius
1128 785 1250 825 etiam
1283 785 1388 825 hanc
1411 798 1435 824 a
1457 785 1678 825 Plutarcho

236 840 571 885 abiudicaverit.1
635 842 712 893 Qui
747 857 836 884 cum
877 856 1024 885 causas
1072 857 1154 885 non
1203 845 1410 886 addiderit
1461 868 1518 873 -
1573 857 1679 897 quae

234 905 401 955 fuerint,
435 918 516 944 non
549 905 668 944 video
702 927 773 956 —,
809 918 939 945 meum
973 919 1054 945 non
1088 910 1151 946 est
1183 906 1225 945 in
1258 906 1425 957 singula
1457 907 1678 957 inquirere,

234 965 307 1005 sed
361 977 432 1005 eas
481 968 637 1004 tantum
686 977 753 1005 res
793 965 941 1005 leviter
978 965 1274 1017 perstringam,
1331 979 1437 1017 quae
1468 966 1680 1018 proprium

234 1038 387 1065 morem
422 1029 463 1064 et
495 1026 676 1064 colorem
709 1025 996 1065 Plutarcheum
1030 1026 1264 1066 ostendunt.

380 1085 589 1123 Nonnulla
620 1084 923 1134 praemittenda
956 1087 1070 1134 sunt,
1107 1097 1212 1134 quae
1244 1088 1286 1123 et
1317 1085 1367 1122 ad
1403 1085 1629 1124 orationem
1661 1086 1681 1123 I

237 1147 278 1185 et
310 1144 361 1184 ad
401 1145 440 1184 II
474 1147 675 1195 spectant.
755 1143 865 1184 Satis
915 1143 1032 1184 futile
1080 1143 1199 1184 nobis
1252 1144 1414 1185 videtur
1466 1156 1678 1195 quaerere,

233 1208 367 1242 utrum
401 1204 543 1242 virtuti
593 1216 642 1241 an
677 1204 866 1242 fortunae
898 1205 990 1253 plus
1040 1204 1228 1242 debuerit
1258 1204 1508 1254 Alexander,
1556 1208 1680 1253 atque

234 1264 441 1315 miramur,
492 1263 562 1315 qui
601 1262 691 1303 fieri
723 1263 916 1314 potuerit,
950 1266 995 1303 ut
1026 1263 1284 1315 Plutarchus,
1319 1263 1384 1303 vir
1416 1262 1678 1304 doctissimus

235 1328 276 1363 et
308 1324 623 1373 eruditissimus,
674 1324 876 1363 eiusmodi
924 1324 1158 1373 quaestioni
1206 1324 1248 1362 in
1280 1324 1489 1363 rhetorum
1523 1324 1677 1363 scholis

235 1396 530 1435 saepenumero
569 1386 773 1423 tractatae
822 1387 862 1423 et
910 1383 1154 1424 decantatae
1204 1396 1369 1435 operam
1403 1383 1533 1423 daret.
1598 1383 1678 1424 Sed

237 1445 410 1494 primum
443 1444 551 1483 inter
566 1444 668 1483 eius
692 1457 818 1493 opera
842 1444 963 1483 etiam
988 1445 1095 1483 aliae
1119 1444 1440 1483 declamationes
1463 1444 1681 1482 traduntur

235 1515 260 1542 a
292 1503 452 1543 nemine
500 1502 554 1541 ad
602 1502 644 1540 id
692 1506 850 1554 tempus
891 1502 932 1541 in
966 1502 1262 1542 dubitationem
1295 1506 1467 1549 vocatae
1501 1514 1576 1542 nec
1607 1515 1679 1542 vo-

236 1563 414 1614 candae,
465 1563 554 1604 scil.
590 1563 799 1603 orationes
849 1563 899 1603 de
946 1562 1041 1603 fort.
1076 1564 1191 1603 Rom.
1233 1566 1275 1604 et
1307 1563 1358 1603 de
1388 1564 1493 1613 glor.
1528 1562 1678 1603 Athen.

234 1623 338 1662 Tum
372 1635 472 1662 vero
506 1623 607 1661 haec
641 1622 888 1673 disceptatio
921 1634 1092 1673 prorsus
1116 1634 1166 1661 ex
1188 1634 1301 1661 more
1324 1626 1365 1661 et
1386 1622 1681 1661 consuetudine

232 1687 277 1723 ut
310 1683 597 1723 historicorum
634 1678 905 1723 Graecorum²
948 1683 1006 1722 ita
1038 1682 1250 1722 Plutarchi
1288 1686 1363 1722 est.
1429 1682 1542 1722 Solet
1574 1681 1680 1722 enim

237 1743 278 1781 in
311 1743 409 1781 vitis
443 1742 904 1792 comparationibusque
927 1745 1119 1780 accurate
1146 1742 1416 1792 perpendere,
1451 1742 1549 1791 quid
1572 1741 1681 1791 apud

238 1813 439 1853 quemque
471 1801 676 1853 fortunae,
726 1802 824 1853 quid
856 1801 999 1842 virtuti
1031 1801 1290 1842 tribuendum
1326 1801 1391 1852 sit,
1443 1814 1563 1852 quam
1596 1813 1680 1841 rem

241 1863 442 1902 sescentis
492 1862 692 1912 exemplis
747 1863 1017 1912 comprobare
1064 1874 1244 1911 possum.
1340 1860 1681 1900 Luculentissime

238 1921 341 1963 haec
375 1921 462 1962 eius
497 1921 749 1962 consuetudo
799 1934 850 1962 ex
896 1921 1026 1973 praef.
1063 1920 1132 1960 vit.
1167 1920 1316 1961 Timol.
1351 1920 1385 1960 δι
1416 1922 1531 1961 Aem.
1565 1920 1681 1960 Paul.

241 1982 518 2032 cognoscitur,
552 1983 622 2020 ubi
656 1982 773 2020 dicit:
841 1975 1241 2033 προκεχειρίσμεθά
1274 1991 1340 2019 σοι
1388 1975 1459 2019 τὸν
1500 1974 1682 2031 Τιμολέ-

237 2054 356 2088 οντος
389 2037 462 2080 τοῦ
485 2040 732 2093 Κορινθίου
759 2040 831 2079 καὶ
854 2035 926 2080 τὸν
946 2037 1162 2092 Αἰμιλίου
1186 2034 1367 2079 Παύλου
1386 2038 1492 2092 βίον,
1518 2032 1684 2093 ἅνδριῖν

235 2094 284 2141 οὗ
325 2095 456 2153 μόνον
500 2103 593 2148 ταῖς
635 2094 864 2154 αἱρέσεσιν,
915 2093 1021 2140 ἀλλὰ
1069 2100 1141 2140 καὶ
1180 2102 1273 2148 ταῖς
1311 2094 1459 2151 τύχαις
1492 2093 1683 2153 ἀγαθαῖς

235 2154 396 2212 ὁμοίως
444 2155 718 2229 κεχρημένων
775 2153 851 2200 ἐπὶ
905 2155 957 2199 τὰ
1006 2155 1237 2213 πράγματα
1293 2159 1365 2199 καὶ
1421 2154 1683 2227 ἑιαμφισΙβή-
1757 2153 1764 2163 ’

225 2227 356 2290 ’τησιν
403 2218 695 2275 παρεξοντων,
746 2215 929 2274 πότερον
975 2212 1190 2287 εὐποτμίᾳ
1221 2216 1385 2271 μᾶλλον
1415 2233 1441 2274 η
1477 2229 1682 2274 φρονησει

236 2294 288 2320 τα
334 2275 513 2334 μέγιστα
563 2277 648 2320 τιῖν
694 2274 1012 2334 πεπραγμένων
1063 2279 1374 2332 κατωρθωσαν.
1447 2279 1498 2319 cf.
1531 2279 1681 2319 Timol.
1738 2291 1743 2295 ’

239 2341 293 2382 19
327 2341 382 2381 in.
416 2342 531 2381 Aem.
582 2342 697 2380 Paul.
736 2341 789 2381 12
824 2341 878 2380 in.
913 2340 1039 2380 Phoc.
1076 2339 1145 2380 lf.
1181 2340 1207 2380 2
1241 2339 1295 2379 in.
1345 2339 1499 2389 Sertor.
1539 2340 1574 2378 1.
1612 2339 1681 2379 10.

235 2401 397 2441 Su11.6
431 2414 482 2441 m.
518 2401 588 2442 30.
654 2401 777 2441 Dion.
827 2401 867 2441 2.
903 2413 1033 2451 comp.
1091 2400 1174 2440 Sol.
1225 2399 1260 2439 &
1307 2400 1424 2451 Popl.
1476 2400 1513 2439 1.
1549 2411 1680 2449 comp.

381 2507 395 2529 ¹
421 2506 597 2543 Kaerst
623 2505 677 2542 in:
707 2505 827 2552 Pauly
840 2503 1200 2552 Realencyklopadie
1214 2504 1249 2540 1²
1264 2506 1358 2541 1893
1371 2515 1402 2540 s.
1416 2515 1450 2540 v.
1469 2502 1683 2540 Alexander

236 2566 297 2591 no.
327 2557 383 2609 lQ.
410 2567 444 2600 p.
473 2556 579 2608 1413,
605 2557 665 2589 45.
694 2556 859 2597 142e‚45.
875 2557 922 2599 (p.
952 2555 1057 2597 1417,
1086 2555 1142 2588 14.
1171 2555 1215 2588 15
1240 2552 1324 2589 unci
1350 2552 1485 2588 dosunt
1509 2563 1555 2588 ex
1574 2554 1682 2598 typo-

235 2602 395 2674 graph1‚²
408 2605 453 2687 uIE
463 2602 635 2687 avelggtiulf
660 2601 698 2686 ia
699 2601 915 2697 plau)1⁸3—27
944 2652 982 2686 et
1011 2648 1071 2695 qui
1096 2647 1147 2686 ibi
1174 2648 1387 2686 laudantur.
