1884 3135
297 705 354 765 In
387 719 599 764 Plutarchi
647 718 842 774 operibus
890 717 971 762 tria
1010 716 1165 773 scripta
1205 717 1324 761 nobis
1362 716 1591 772 traduntur,

154 797 259 835 quae
297 784 348 823 de
379 783 617 823 Alexandro
650 784 817 833 Magno,
867 795 966 832 rege
997 776 1288 831 Macedonum,
1333 786 1444 822 sunt:
1508 781 1595 821 vita

153 843 241 884 eius
273 854 385 882 more
409 841 709 882 Chaeronensis
741 841 1070 881 narratiunculas
1117 841 1292 880 amantis
1330 845 1522 880 enarrata
1554 845 1595 880 et

153 915 241 942 cum
291 901 482 942 Caesaris
530 901 615 941 vita
654 904 913 952 comparata,
963 900 1042 941 etsi
1090 893 1302 954 σύγκρισις
1339 900 1480 940 addita
1513 912 1593 940 non

153 966 228 1013 est,
263 965 387 1012 atque
419 962 523 1001 duae
561 961 769 1000 orationes
802 961 889 1000 sive
919 954 1115 1010 μελέται,
1164 960 1408 1010 inscriptae:
1465 958 1594 1012 ,,περὶ

154 1017 229 1076 τῆς
257 1013 539 1074 Ἀλεξάνδρου
570 1014 699 1075 τύχης
726 1011 754 1076 ἢ
782 1012 978 1075 ἇρετῆςιι,
1013 1019 1162 1070 quibus
1184 1032 1274 1060 eum
1296 1032 1378 1060 non
1400 1018 1591 1059 donatum

153 1081 341 1122 fortunae
389 1081 641 1133 muneribus,
708 1081 780 1121 sed
829 1080 958 1131 ipsius
1014 1080 1234 1119 virtutibus
1287 1080 1487 1130 insignem
1542 1079 1593 1118 ad

152 1142 361 1193 potentiae
393 1141 604 1192 fastigium
639 1141 878 1181 ascendisse
916 1140 1068 1179 vividis
1101 1140 1309 1180 coloribus
1342 1139 1591 1191 depingitur.

153 1201 230 1241 His
280 1201 646 1242 declamationibus
693 1200 927 1240 accuratius
976 1200 1219 1239 examinatis
1272 1204 1313 1238 et
1360 1212 1449 1239 cum
1507 1200 1593 1238 vita

154 1260 402 1312 comparatis
434 1260 480 1300 L.
515 1260 714 1300 Weberus
748 1257 1037 1300 dissertatione
1071 1271 1145 1299 sua
1177 1272 1306 1310 nuper
1337 1255 1475 1299 edita¹
1508 1260 1591 1298 tale

153 1321 345 1359 iudicium
389 1320 506 1371 facit,
556 1324 600 1359 ut
638 1320 816 1370 priorem
849 1326 945 1371 post
976 1320 1120 1371 vitam,
1170 1320 1340 1359 alteram
1390 1319 1468 1359 etsi
1500 1324 1595 1370 post

153 1380 268 1432 illas,
321 1383 476 1431 tamen,
529 1384 574 1419 ut
620 1379 700 1419 iam
748 1380 798 1420 A.
832 1375 1079 1420 Schaferus²
1128 1379 1391 1431 opinabatur,
1441 1391 1522 1419 non
1570 1391 1595 1418 a

152 1438 396 1491 Plutarcho,
431 1440 503 1480 sed
536 1453 561 1479 a
592 1440 763 1480 falsario
797 1440 972 1489 quodam
997 1440 1272 1491 conscriptam
1295 1452 1388 1480 esse
1411 1443 1591 1480 censeat.

154 1498 244 1547 Qua
275 1499 316 1538 in
349 1512 394 1539 re
416 1512 661 1550 quamquam
694 1500 735 1538 in
768 1500 907 1550 priore
929 1499 1116 1539 oratione
1138 1504 1233 1549 post
1255 1500 1379 1538 vitam
1401 1500 1594 1550 ponenda

153 1572 322 1610 prorsus
354 1563 466 1599 recte
505 1558 715 1609 iudicavit,
763 1563 917 1610 tamen,
968 1570 1071 1608 quae
1104 1558 1155 1599 de
1194 1559 1327 1598 altera
1366 1571 1390 1598 a
1421 1558 1592 1599 falsario

153 1618 381 1671 composita
429 1618 597 1670 profert,
646 1620 759 1658 nullo
807 1623 930 1670 pacto
979 1618 1077 1658 mihi
1107 1619 1423 1669 comprobavit.
1487 1618 1592 1657 Nam

152 1679 416 1729 argumentis,
466 1679 613 1729 quibus
664 1678 807 1724 utitur,
856 1678 958 1719 fides
1008 1678 1198 1718 habenda
1245 1691 1325 1718 non
1374 1682 1450 1729 est,
1503 1691 1591 1718 cum

153 1750 398 1789 quamquam
432 1738 801 1778 verisimilitudinis
835 1738 1012 1789 speciem
1044 1751 1144 1789 prae
1177 1750 1221 1777 se
1253 1738 1400 1788 ferunt,
1440 1742 1591 1788 tamen,

152 1798 187 1838 si
220 1797 459 1849 diligentius
492 1810 541 1838 ea
573 1800 846 1849 exploramus,
888 1811 987 1838 vera
1025 1802 1066 1838 et
1098 1798 1206 1838 iusta
1239 1811 1318 1837 non
1352 1798 1446 1850 sint,
1482 1798 1591 1848 quod

152 1858 229 1898 hac
261 1858 552 1898 dissertatione
585 1858 867 1899 demonstrare
900 1859 942 1897 in
975 1858 1109 1898 animo
1144 1858 1298 1908 habeo,
1346 1858 1594 1909 praesertim

152 1930 241 1958 cum
289 1917 646 1958 animadverterim
711 1931 790 1958 non
841 1919 987 1959 deesse
1033 1918 1156 1958 etiam
1205 1918 1268 1958 his
1323 1918 1593 1970 temporibus,

153 1978 222 2029 qui
240 1981 455 2029 utramque
473 1978 699 2018 orationem
718 1978 938 2018 Plutarcho
957 1978 1140 2018 tribuant
1156 1980 1268 2018 velut
1286 1974 1590 2030 E.Lasse1ius⁸,

150 2041 195 2076 ut
241 2038 374 2077 adhuc
407 2039 481 2077 sub
515 2038 649 2078 iudice
682 2038 733 2078 lis
787 2039 852 2078 sit.
924 2039 1060 2089 Atque
1113 2039 1233 2078 etiam
1290 2040 1342 2079 M.
1382 2035 1591 2090 Treuius⁴,

152 2108 396 2147 quamquam
430 2097 593 2137 Weberi
627 2097 809 2148 opinioni
833 2098 945 2137 favet
972 2102 1120 2137 natura
1142 2098 1327 2138 codicum
1351 2103 1590 2149 commotus,

150 2159 284 2196 tamen
334 2156 545 2207 admonet,
598 2161 644 2196 ut
690 2157 835 2196 iterum
885 2158 935 2197 de
983 2157 1060 2197 hac
1092 2170 1137 2197 re
1177 2162 1371 2197 accurata
1403 2158 1592 2208 quaestio

150 2215 239 2256 fiat:
275 2228 395 2267 quam
428 2216 505 2256 hac
538 2216 829 2257 dissertatione
862 2217 1077 2257 instituere
1112 2221 1283 2257 conatus
1317 2231 1418 2258 sum.

250 2367 258 2375 ι
295 2321 307 2344 ¹
334 2321 441 2356 Lud.
468 2321 642 2362 Weber.
670 2322 714 2357 de
732 2321 933 2357 Plutarcho
951 2321 1155 2357 Alexandri
1179 2321 1384 2358 laudatore.
1420 2321 1594 2358 Genethl-

150 2368 468 2451 Gottmg'fiffif.
495 2370 842 2461 ffssss‘tpboffflso‘iff‘
880 2418 983 2453 1870.
1010 2429 1045 2462 p.
1070 2419 1152 2453 441.

293 2464 308 2487 ⁸
333 2463 375 2499 E.
405 2463 576 2506 hussel,
615 2463 659 2499 de
699 2463 868 2500 fortunae
905 2464 942 2500 in
980 2464 1173 2500 Plutarchi
1212 2464 1381 2509 operibus
1430 2464 1594 2501 notione.

150 2510 248 2548 Diss.
275 2511 461 2557 Marburg.
514 2513 618 2548 1891.
645 2523 679 2556 p.
706 2513 764 2547 62.

293 2559 309 2582 ⁴
333 2559 383 2595 M.
411 2559 496 2595 Tre
506 2571 539 2602 u,
564 2558 850 2595 Jahresbericht
880 2560 970 2595 fiber
996 2560 1095 2595 Plut.
1121 2559 1287 2596 Moralia.
1328 2560 1434 2596 Burs.
1484 2560 1525 2597 J.
1552 2561 1595 2598 B.

151 2607 257 2651 1891,
282 2607 355 2644 vol.
381 2609 440 2651 62,
465 2618 500 2655 p.
529 2608 681 2643 14—15.
1458 2657 1477 2693 1
