1884 3135
905 299 959 340 15

210 420 370 475 πέτρας
403 412 662 470 ἀτοξεύτους.
730 418 1144 466 Animadvertendum
1172 421 1235 458 est
1267 418 1403 457 omnia
1436 418 1642 459 adieetiva

206 483 258 522 ab
314 494 340 520 α
394 480 599 532 privativo
659 480 860 530 incipere,
917 492 997 530 qua
1052 479 1102 518 de
1163 478 1373 518 Plutarchi
1428 482 1642 518 eonsuetu-

218 542 316 582 dine
375 540 482 581 infra
539 540 770 581 aecmatius
825 540 1024 590 agendum
1078 539 1168 579 erit.
1247 560 1303 566 —
1370 538 1420 579 cf.
1476 532 1642 590 ἄμαχος

207 615 244 641 κ
286 595 491 657 ἀήττητος
522 602 655 640 Alcib.
690 602 760 641 34.
815 601 997 640 Marcell.
1036 600 1102 639 11.
1169 600 1285 640 Caes.
1321 599 1391 639 26.
1448 599 1498 639 de
1545 599 1639 639 fort.

169 664 170 667 ’
208 664 322 702 Rom.
376 663 548 702 11.-
598 654 764 712 α’μαχος
811 673 847 699 κ.
900 652 1258 727 ἀνανταγώνιστος
1305 659 1429 699 Phoe.
1468 660 1534 699 14.
1584 682 1641 687 —

208 716 373 773 α’μαχος
420 735 456 760 κ.
508 714 798 767 ανυπόστατος
845 721 961 760 Caes.
1000 721 1066 760 16.
1117 742 1172 748 —
1222 713 1388 770 ἄμαχος
1426 733 1462 758 κ.
1505 714 1643 766 δεινός

117 771 134 788 ”
208 783 354 833 Pyrrh.
389 782 459 822 30.
503 781 596 820 Tib.
622 781 692 821 Gr.
718 781 757 821 9.
786 802 836 806 -
863 773 1028 831 ἄμαχος
1060 792 1096 818 κ.
1132 776 1429 832 δυσεκβίαστος
1450 780 1574 830 Ages.
1600 780 1640 820 2.

209 843 296 882 Cat.
332 842 426 881 min.
461 842 530 881 29.
568 863 619 867 —
657 834 823 891 ἄμαχος
856 853 892 878 κ.
928 837 1172 908 δυσνίκητος
1206 840 1365 880 camin.
1400 839 1469 880 39.

352 914 385 941 0.
411 901 437 941 2
461 902 515 940 in.
549 914 588 952 p.
614 900 745 941 326f.
789 930 797 938 .
849 899 1023 939 ,εἰπεῖν
1077 894 1184 952 πρὸς
1232 894 1307 954 τὴν
1363 894 1507 953 Τύχην
1549 901 1639 946 τοῖς

207 955 543 1013 κατορθώμασιν
580 953 711 1015 αὑτὴν
742 930 1077 1026 ἐπιγράφουσαν.
1119 982 1175 987 —
1221 960 1370 999 Timol.
1406 960 1484 1000 36:
1551 959 1637 1014 ἔφη

206 1017 282 1074 τῷ
297 1017 393 1074 θεῷ
427 1015 552 1074 χάριν
583 1021 709 1071 ἔχειν,
759 1032 824 1060 οτι
870 1014 1124 1072 βουλόμενος
1164 1015 1298 1057 σῶσαι
1331 1014 1407 1073 τὴν
1438 1016 1639 1057 Σικελίαν

205 1075 485 1149 ἐπεγράψατο
507 1075 592 1146 τὴν
623 1073 751 1119 αυτοῦ
785 1080 1083 1133 προσηγορίαν.
1136 1081 1275 1147 Pomp.
1311 1079 1380 1118 31.
1415 1071 1528 1117 ούτω
1560 1074 1641 1131 γὰρ

205 1133 332 1179 αυτὸν
362 1134 607 1194 ἐπιγράψαι
650 1138 879 1192 Σερτορίῳ,
926 1135 1133 1191 Λεπίόω,
1183 1139 1270 1186 τοῖς
1308 1137 1638 1191 Σπαρτακείοις,

206 1195 257 1239 τὰ
287 1201 365 1251 μὲν
397 1195 617 1253 Κράσσου,
667 1213 718 1238 τα
751 1196 796 1238 δὲ
830 1196 1068 1246 ἨΙετέλλου,
1110 1193 1161 1237 τὰ
1195 1195 1240 1237 δὲ
1274 1193 1448 1237 Κάτλου
1480 1211 1641 1251 κατωρ-

205 1254 415 1306 θωκότος.
467 1260 515 1299 de
564 1260 658 1299 fort.
702 1261 816 1298 Rom.
868 1260 892 1299 7
942 1272 981 1309 p.
1007 1259 1146 1299 319e.
1211 1253 1463 1311 ἐπιγράψας
1502 1255 1641 1310 ἑαυτῷ

205 1314 280 1375 τὴν
311 1313 451 1374 τίχην.
485 1332 622 1370 plaec
657 1319 758 1369 reip.
793 1332 879 1369 ger.
915 1318 1015 1359 20f.
1035 1332 1074 1370 p.
1095 1318 1180 1359 816
1204 1331 1247 1358 e:
1284 1317 1324 1357 οἱ
1354 1312 1535 1372 μεγάλοι
1567 1317 1639 1357 καὶ

205 1377 386 1430 δαίμονα
419 1379 491 1417 καὶ
523 1374 652 1434 τύχην
683 1381 771 1425 τοῖς
813 1374 1125 1431 κατορθώμασι
1159 1373 1557 1433 συνεπιγράφουσιν.

349 1451 382 1478 0.
408 1439 434 1479 2
456 1452 495 1490 Ρ.
521 1439 608 1479 326
626 1439 672 1477 f.:
710 1433 859 1490 κόσμει
882 1450 983 1478 σεαι
966 1452 1060 1507 την
1083 1438 1155 1477 καὶ
1183 1434 1386 1490 σεμνύνου
1400 1435 1644 1491 βασιλεῦσιν

205 1491 411 1551 ἀτρώτοις
440 1498 512 1536 καὶ
551 1491 841 1549 αναιμάκτοις.
866 1522 923 1526 —-
946 1492 1133 1551 α’τρωτος
1166 1512 1202 1536 κ.
1238 1493 1423 1552 ἄδακρυς
1462 1500 1512 1538 de
1544 1499 1639 1538 sort.

205 1559 320 1596 Rom.
354 1560 383 1597 4
414 1556 570 1624 (31810)
604 1552 790 1610 ἄτρωτος
830 1571 866 1596 κ.
904 1552 1161 1609 ἀναίμακτος
1210 1559 1259 1597 de
1292 1561 1396 1608 glor.
1431 1559 1579 1598 Athen.
1614 1560 1640 1598 3

207 1615 362 1670 (347d)
396 1639 454 1645 —
477 1610 682 1685 ἄρρηκτος
716 1611 875 1673 σιόήρω
909 1617 981 1657 καὶ
1018 1610 1201 1673 ἀπαθὴς
1224 1612 1270 1657 τὸ
1304 1614 1427 1670 σῶμα
1454 1649 1461 1657 .
1515 1616 1641 1658 ,εἶτα

208 1671 429 1724 καταδὺς’
411 1671 597 1744 α’τρωτος
620 1671 705 1716 ὑπὸ
722 1691 810 1745 γην.
831 1679 955 1718 Stoie.
975 1680 1062 1718 abs.
1081 1683 1190 1729 poet.
1211 1679 1288 1718 dic.
1303 1681 1323 1719 1
1348 1693 1387 1730 Ρ.
1414 1649 1564 1719 10579..
1583 1701 1641 1707 -

208 1730 283 1776 οὐκ
316 1730 503 1791 ἄτρωτός
551 1737 664 1777 ἐστιν
710 1730 798 1777 οὐδ’
841 1732 989 1786 α’νοσος
1022 1731 1110 1778 οὐδ’
1152 1730 1346 1794 ἀναλγής,
1397 1731 1562 1793 ἄφοβος
1596 1735 1641 1777 δὲ

203 1800 323 1849 με’νει
356 1797 427 1837 καὶ
460 1792 622 1846 ἄλυπος
654 1798 726 1837 καὶ
753 1791 963 1867 αήττητρς
996 1799 1068 1838 καὶ
1101 1791 1299 1851 αβίαστος
1332 1800 1430 1839 ibid.
1464 1814 1504 1851 p.
1528 1800 1640 1841 1057

204 1859 242 1898 d.
277 1879 334 1885 —
368 1852 554 1910 ἄτρεστος
598 1858 670 1897 καὶ
716 1854 855 1927 λόγοις
903 1852 1133 1929 ἀπρόσιτος
1181 1860 1314 1899 Aleib.
1349 1862 1390 1899 4.
1425 1883 1482 1887 ——
1516 1853 1637 1914 ἀφώ-

205 1930 343 1966 τιστος
391 1932 427 1958 κ.
478 1912 665 1973 α’τρωτος
712 1911 786 1975 ὑφ’
822 1912 949 1987 ἡλίου
981 1921 1031 1961 de
1063 1920 1181 1972 prim.
1215 1920 1310 1972 frig.
1350 1922 1400 1962 17
1434 1935 1473 1973 p.
1508 1920 1640 1962 952f.

205 1999 263 2005 -—
296 1972 555 2029 ἀναίμακτος
588 1992 624 2017 κ.
645 1975 856 2046 καθαρός
904 1982 1018 2019 Rom.
1058 1982 1124 2020 12.
1158 1981 1307 2019 Timol.
1344 1981 1413 2020 37.
1463 1982 1513 2020 de
1547 1983 1640 2019 mul.

202 2038 295 2079 virt.
346 2039 476 2080 2590.
526 2061 584 2068 -
632 2031 890 2092 αναίμακτος
940 2053 976 2080 κ.
1012 2034 1182 2096 ἄψυχος
1230 2041 1368 2093 Symp.
1411 2054 1477 2092 qu.
1512 2041 1567 2080 IV
1603 2042 1640 2093 1,

347 2171 380 2197 0.
417 2159 442 2198 2
466 2172 516 2197 m.
540 2172 580 2210 p.
610 2159 733 2200 327a
767 2152 838 2206 οἳς
873 2191 881 2198 .
903 2191 941 2199 ..
977 2156 1034 2213 τῷ
1060 2154 1206 2213 Κύροι
1228 2154 1376 2213 θρόνῳ
1407 2156 1639 2212 ἐνίδρυσας.

202 2218 387 2258 Activum
421 2232 592 2270 perraro
627 2220 881 2270 legitu1.—-
915 2221 1052 2272 Symp.
1088 2234 1155 2271 qu.
1191 2222 1246 2261 IX
1284 2222 1333 2261 14
1341 2222 1391 2285 ,5-
1416 2219 1471 2272 (p.
1508 2220 1641 2272 7450)

203 2280 295 2325 ταῖς
326 2279 406 2328 μὲν
438 2271 595 2326 αιόίοις
627 2279 700 2318 καὶ
733 2275 881 2327 θείαις
915 2283 1193 2334 περιφοραῖς
1209 2274 1301 2319 ἀντὶ
1334 2278 1417 2320 τῶν
1450 2277 1643 2319 Μουσῶν

202 2331 276 2385 τὰς
328 2334 536 2393 Σειρῆνας
595 2335 811 2394 ἐνιδρυων.
886 2333 1468 2410 qu.P1at.p.19082.1{
1500 2351 1639 2396 φυσις,

202 2389 349 2448 ὥσπερ
370 2394 627 2467 κυβερνήτην
643 2395 895 2454 ἐνιδρύσασα
928 2398 976 2455 τῇ
1011 2398 1177 2467 κεφαλῇ
1203 2414 1275 2440 τον
1294 2396 1506 2454 λογισμόν.
1541 2401 1638 2452 (100.

202 2455 300 2508 ine.)
332 2450 454 2513 ἥλιον
484 2458 529 2499 ἐν
561 2452 726 2513 οὐρανῷ
759 2458 973 2513 ενίόρυσεν
1005 2453 1027 2500 ὃ
1059 2456 1185 2509 θεός.

346 2531 380 2558 0.
416 2520 441 2559 3
467 2532 517 2558 m.
558 2534 597 2571 Ρ.
638 2522 724 2562 327
736 2522 781 2561 (1
854 2514 1153 2588 άνερρηγνυντο
1201 2515 1237 2561 δ’
1270 2515 1464 2574 ’[λλύριοι
1511 2523 1554 2573 (i.
1605 2535 1639 2561 e.

200 2576 492 2643 rebellabant).
518 2604 576 2607 —
609 2581 726 2621 Caes.
762 2582 831 2622 21.
867 2595 889 2620 ο
922 2579 1111 2630 κίνδυνος
1144 2577 1282 2651 εφάνη
1314 2584 1460 2635 μέγας,
1496 2578 1616 2621 ἐθνιῖ
1612 2595 1643 2621 ν

201 2628 290 2691 ἅμα
343 2634 553 2680 τοσούτων
595 2633 924 2696 ἀναρραγέντων.
989 2642 1087 2684 ibid.
1123 2656 1156 2683 0.
1192 2643 1281 2685 24
1271 2656 1324 2682 m.
1375 2636 1515 2681 πάντα
1565 2642 1644 2694 μὲν
