1884 3135
919 281 974 323 12

354 401 418 440 Ad
452 402 624 442 alteram
658 401 971 441 declamationis
1019 404 1194 469 partem,
1226 401 1290 442 his
1337 400 1478 442 verbis
1510 400 1652 441 tradu-

209 461 338 501 cimur
370 460 422 513 (c.
446 462 502 502 9·
492 475 546 501 ιιι.
580 474 620 513 p.
654 462 741 502 330
759 460 816 513 e).
840 455 1050 529 δεύτερον
1082 454 1118 501 δ’
1143 453 1272 501 αὐτοῦ
1294 461 1367 501 καὶ
1398 455 1474 509 τὰς
1506 455 1654 526 φωνὰς

209 518 383 572 ἴ,ὂωμεν
418 520 517 561 ἐπεὶ
549 520 622 560 καὶ
654 515 705 560 τὰ
728 534 784 560 τα,
790 534 812 560 ν
834 514 974 560 α’λλων
995 514 1089 576 ἤθη
1110 517 1323 574 βασιλέων
1343 520 1416 561 καὶ
1438 517 1655 561 δυναστῶν

207 575 393 632 μάλιστα
447 583 540 629 ταῖς
593 582 759 636 φωναῖς
806 580 852 620 αἱ
908 580 1046 635 ψυχαὶ
1094 576 1418 635 προβάλλουσιν.
1489 583 1536 621 In
1588 581 1653 622 his

210 641 351 681 verbis
384 642 602 682 manifesto
635 645 676 681 et
709 646 850 693 aperte
885 642 1188 683 Chaeronensis
1220 654 1373 682 morem
1406 645 1447 682 et
1480 653 1652 682 consue-
1703 668 1706 670 -

208 701 389 741 tudinem
424 701 827 752 comprehendimus,
868 702 938 753 qui
971 702 1123 742 totiens
1156 703 1343 742 declarat
1374 714 1425 742 ex
1457 700 1579 741 dictis
1612 704 1654 741 et

208 761 533 801 narratiunculis
558 772 682 811 saepe
706 762 850 802 melius
875 774 1008 802 mores
1031 762 1211 802 virorum
1239 763 1441 802 clarorum
1467 761 1653 811 intellegi

210 833 330 871 quam
370 833 421 860 ex
469 822 594 861 rebus
633 822 683 860 ab
733 821 794 861 eis
842 821 985 872 gestis.
1054 822 1172 862 Alex.
1208 835 1242 861 c.
1280 824 1301 862 1
1336 835 1388 862 ιιι.
1438 814 1534 861 οὔτε
1572 815 1653 875 γὰρ

209 880 397 932 ἱστορίας
428 875 663 948 γράφομεν,
718 873 825 920 ἀλλὰ
871 881 1002 933 βίους,
1037 874 1134 921 οὔτε
1166 883 1259 929 ταῖς
1268 875 1655 950 ἐπιφανεστάταις

210 934 391 993 πράξεσι
425 935 598 988 πάντως
645 941 780 980 ἔνεστι
830 936 1014 996 δήλωσις
1061 934 1214 997 ἀρετῆς
1260 934 1287 996 ἢ
1325 941 1496 990 κακίας,
1546 934 1653 980 ἀλλὰ

210 997 387 1068 πρᾶγμα
418 996 557 1054 βραχυ
591 995 799 1048 πολλάκις
831 1001 903 1040 καὶ
926 998 1052 1069 ῥῆμα
1086 1001 1158 1041 καὶ
1191 996 1349 1041 παιδιά
1378 1014 1442 1049 τις
1466 1002 1655 1057 ἔμφασιν

212 1054 351 1116 ἤθους
397 1061 577 1116 ἐποίησε
623 1058 786 1113 μᾶλλον
816 1054 844 1116 ἠ
875 1056 1015 1113 μάχαι
1045 1056 1319 1115 μυριόνεκροι
1351 1059 1437 1101 κτλ.
1501 1062 1651 1103 'limol.

213 1122 267 1162 15
301 1121 356 1161 in.
391 1121 418 1162 f.
471 1122 559 1162 Cat.
595 1122 689 1161 mai.
726 1121 797 1161 7f.
884 1122 982 1162 Nic.
1012 1123 1049 1162 1.
1101 1122 1189 1162 Cat.
1239 1121 1335 1162 min.
1369 1121 1427 1162 24
1460 1122 1514 1162 in.
1549 1121 1651 1162 3712

209 1172 358 1221 Pericl.
385 1182 443 1221 24
460 1181 487 1222 f.
523 1182 666 1232 Pelop.
691 1181 762 1222 25.
797 1182 847 1221 de
880 1182 1014 1222 cohib.
1049 1182 1111 1221 ira
1144 1182 1170 1222 9
1203 1195 1242 1232 p.
1266 1182 1353 1222 457
1373 1182 1411 1222 d.

355 1266 401 1312 In
437 1278 470 1305 c.
509 1266 565 1305 10
597 1278 636 1316 p.
662 1265 746 1305 331
768 1278 790 1305 e
824 1265 1051 1305 sententiae
1085 1265 1182 1305 illae
1214 1265 1365 1316 insunt,
1400 1265 1548 1316 quibus
1581 1264 1652 1304 ad-

209 1324 354 1363 ductus
388 1325 590 1364 Weberus
639 1325 793 1375 optimo
842 1325 930 1364 iure
978 1325 1083 1364 hanc
1131 1325 1357 1364 orationem
1397 1328 1491 1374 post
1528 1325 1652 1364 vitam

209 1383 405 1433 scriptam
461 1396 553 1423 esse
607 1384 828 1423 concludit.
907 1384 1011 1423 Nam
1066 1396 1171 1434 quae
1224 1384 1274 1424 de
1326 1384 1551 1424 Aristotele
1614 1388 1655 1423 et

207 1444 457 1483 Anaxarcho
491 1443 694 1494 dicuntur,
729 1444 780 1482 ad
806 1456 855 1483 ea
886 1444 1105 1494 pertinent,
1140 1456 1245 1494 quae
1269 1444 1349 1483 iam
1372 1444 1412 1483 in
1442 1443 1514 1484 vit.
1533 1443 1652 1483 Alex.

209 1516 243 1542 c.
281 1502 319 1542 7.
355 1504 395 1542 8.
431 1503 487 1543 52
521 1504 613 1554 plus
648 1504 779 1542 minus
813 1507 1005 1543 accurate
1054 1503 1245 1554 exposita
1278 1507 1389 1553 sunt,
1438 1507 1483 1542 ut
1514 1503 1652 1542 facere

208 1576 287 1603 non
342 1563 517 1614 possim,
572 1562 670 1614 quin
710 1563 887 1604 Webero
935 1576 1106 1614 prorsus
1155 1563 1372 1603 assentiar.
1436 1563 1572 1614 Atque
1610 1566 1655 1602 ut

206 1623 438 1662 evidentius
488 1624 658 1662 doceam
692 1624 893 1662 orationis
926 1625 944 1662 I
979 1624 1106 1662 verba
1139 1636 1163 1662 a
1195 1623 1417 1662 Plutarcho
1466 1622 1654 1674 profecta

206 1695 318 1732 esse,
374 1683 653 1733 comparanda
706 1695 754 1722 ea
806 1696 994 1733 propono
1037 1695 1125 1722 cum
1174 1683 1246 1722 vit.
1281 1684 1400 1723 Alex.
1436 1695 1471 1723 c.
1506 1683 1532 1723 8
1574 1682 1654 1721 fine

207 1742 430 1781 simillimo.

267 1839 327 1865 or.
362 1827 394 1865 Ι.
433 1826 487 1866 10
510 1839 560 1866 ιιι.
595 1839 634 1876 p.
660 1827 743 1866 331
766 1827 829 1866 de.
1153 1826 1224 1865 vit.
1260 1826 1377 1865 Alex.
1412 1826 1453 1865 8.
1472 1825 1499 1864 f.

207 1891 451 1952 φιλοσόφου
472 1897 611 1936 τοίνυν
631 1896 720 1936 ἐστὶ
749 1894 894 1967 ψυχῆς

207 1957 363 2011 σοφίας
395 1954 496 2010 ἐρᾶν
528 1957 600 1996 καὶ
629 1968 789 2012 σοφοις
822 1951 892 1996 α’ν-

207 2014 311 2071 ὁρας
378 2012 627 2069 θαυμάζειν
692 2013 890 2070 μάλιστα

208 2074 332 2117 τοῦτο
361 2071 398 2117 δ’
422 2071 690 2131 Ἀλεξάνδρῳ
730 2075 895 2133 προσῆν
934 2082 938 2102 ·

206 2152 235 2176 (ι
221 2130 265 2185 ἶς
328 2130 469 2178 οὐδενὶ
533 2134 618 2178 τῶν
682 2136 895 2191 βασιλέων

207 2197 279 2237 καὶ
334 2195 429 2245 πῶς
490 2199 569 2250 μὲν
631 2196 721 2249 εἶχε
786 2194 894 2252 πρὸς

204 2250 520 2324 Ἀριστοτέλην,
591 2256 758 2326 είρηται
822 2258 894 2298 καὶ

206 2310 271 2357 ο’τι
305 2313 376 2358 τὸν
406 2319 484 2370 μὲν
517 2310 747 2372 ἁρμονικὸν
768 2311 892 2359 Ἀνά-

207 2376 363 2430 ξαρχον
451 2373 726 2459 ἐντιμόΙτατον
809 2376 894 2418 τῶν

155 2491 159 2495 η
208 2435 348 2493 φίλων
405 2433 611 2489 ἑνομιΓ
555 2452 588 2478 ε
682 2433 892 2492 Πύρρωνι

984 1910 1006 1936 ο
1052 1898 1198 1948 μέντοι
1247 1891 1355 1949 πρὸς
1394 1893 1666 1952 φιλοσοφίαν·

983 1952 1249 2025 ἐμπεφυκὼς
1282 1956 1354 1996 καὶ
1387 1956 1653 2025 συντεθραμ-

982 2019 1108 2069 μένος
1148 2010 1224 2056 ἀπ’
1266 2010 1418 2086 ἀρχῆς
1433 2010 1547 2070 αὐτῷ
1583 2012 1653 2086 ζῇ-

983 2075 1054 2125 λος
1087 2077 1159 2116 καὶ
1193 2072 1338 2125 πόθος
1371 2090 1447 2117 ουκ
1473 2075 1652 2145 ἑξερρυη

983 2134 1057 2206 τῆς
1124 2133 1267 2205 ψυχῆς
1344 2130 1376 2177 ιῖ
1359 2151 1402 2186 ις
1446 2130 1487 2207 ἡ
1552 2137 1654 2192 περὶ

983 2191 1246 2251 Ἀνάξαρχόν
1283 2211 1328 2238 τε
1361 2193 1462 2265 τιμὴ
1496 2197 1569 2237 καὶ
1601 2193 1652 2237 τὰ

985 2257 1252 2325 πεμφθέντα
1268 2252 1529 2311 Ξενοκράτει
1554 2269 1653 2297 πεν-

983 2313 1163 2374 τήκοντα
1203 2313 1386 2357 τάλαντα
1426 2317 1498 2357 καὶ
1536 2312 1653 2359 Δάν-

984 2376 1113 2429 ὄαιιις
1156 2378 1228 2417 καὶ
1281 2373 1490 2430 Κάλαμος
1543 2391 1654 2417 ουτω

983 2435 1333 2487 σπουδασθέντες
1354 2435 1652 2492 μαρτυροῦσιν.

351 2628 364 2652 ¹
390 2628 451 2665 Ita
478 2627 573 2665 enim
601 2640 683 2665 cum
712 2628 886 2665 Dnbnero
912 2628 1248 2675 interpungendum
1276 2631 1345 2666 est.
