1884 3135
926 283 981 324 14

237 393 456 449 ἀνάλωτος
487 401 712 471 Διογένης,
759 394 837 453 οὐχ
860 394 919 449 ὡς
947 402 1108 450 ἐκεῖνος
1133 395 1294 451 όπλοις
1317 402 1390 443 καὶ
1418 402 1574 451 ἵπποις
1607 401 1680 442 καὶ

236 462 468 515 σαρίσσαις.
503 459 601 517 ἐξῆν
648 459 721 501 οὖν
770 459 1087 530 φιλοσοφοῦντα
1116 462 1188 502 καὶ
1226 459 1274 517 τῇ
1310 460 1511 504 διαθέσει
1547 463 1678 533 γίγνε-

235 521 346 562 σθαι
378 523 590 578 Διογένην
628 522 700 562 καὶ
748 537 796 577 τῃ
831 517 934 578 τύχῃ
981 525 1126 574 μένειν
1156 486 1452 592 Ἀλέξανδρον,
1503 523 1575 564 καὶ
1607 518 1679 564 διὰ

235 579 358 622 τοῦτο
404 583 610 637 γενέσθαι
643 585 867 651 Διογένην
884 580 1059 653 μᾶλλον,
1096 577 1162 623 ότι
1195 597 1248 639 ην
1279 576 1570 651 Αλέξανδρος,
1620 599 1679 633 ως

236 638 344 697 πρὸς
379 638 509 699 τίχην
553 639 743 699 μεγάλην
791 639 901 683 πολὺ
935 641 1103 696 πνεῦμα
1136 643 1209 684 καὶ
1242 638 1369 684 σάλον
1400 645 1581 695 ἔχουσαν
1612 645 1678 699 ἕρ-

233 717 368 755 ματος
418 701 578 743 πολλοῦ
618 704 689 743 καὶ
722 699 978 760 κυβερνητου
1008 699 1196 758 μεγάλου
1230 699 1441 756 δεομενον.
1477 728 1535 732 -
1566 706 1680 744 Inter

236 764 567 815 comparationes
613 778 694 804 una
748 768 811 805 est
850 765 986 805 rarior
1018 778 1149 816 neque
1182 765 1240 805 ita
1273 765 1515 816 communis,
1571 775 1677 814 quae

237 837 326 864 cum
361 825 484 864 etiam
517 824 559 864 in
591 838 729 875 praec.
766 825 927 876 coniug.
963 839 996 865 c.
1016 827 1074 866 45
1105 825 1313 865 simillima
1345 825 1462 876 insit,
1513 825 1676 864 dubium

237 884 335 923 mihi
368 897 448 924 non
483 888 566 936 est,
623 885 720 935 quin
774 890 947 935 utraque
987 898 1010 924 a
1045 885 1265 925 Plutarcho
1300 885 1388 936 ipso
1423 885 1578 936 scripta
1610 885 1676 925 sit.

237 944 373 984 Locos
409 946 710 995 comparandos
744 958 950 996 propono:

387 1041 447 1069 or.
479 1030 497 1068 I
530 1029 556 1069 8
580 1042 618 1079 p.
644 1030 774 1070 3300.
998 1029 1158 1079 coniug.
1188 1042 1325 1079 praec.
1350 1029 1420 1069 45.
1444 1042 1482 1079 p.
1513 1029 1598 1069 144
1614 1028 1678 1068 de.

237 1095 326 1152 ζῷα
375 1094 636 1166 θηρεύοντες
685 1093 920 1152 α’νθρωποι
997 1099 1037 1138 οἱ
1071 1111 1319 1153 προσιοντες
1361 1096 1566 1166 ἐλέφασιν
1612 1099 1678 1138 έσ-

330 1191 338 1198 .
391 1154 676 1214 φυλάττονται
749 1155 920 1213 ταύροις
998 1157 1115 1215 θητα
1172 1154 1377 1227 λαμπράν
1428 1152 1476 1198 οὗ
1515 1153 1679 1212 λαμβά-

236 1213 436 1274 ὀφθῆναι
460 1216 705 1273 φοινικίδας
738 1220 918 1270 ἔχοντες,
997 1230 1138 1259 νουσιν
1190 1213 1288 1258 οὐδὲ
1343 1216 1586 1273 φοινικίδας
1639 1219 1681 1257 οἱ

235 1276 416 1334 ἐλέφασι
450 1277 495 1319 δὲ
523 1274 698 1327 λευκοῖς
722 1276 919 1330 χιτῶνας·
997 1274 1180 1332 ταύροις·
1238 1276 1547 1346 διαγριαίνεται
1599 1273 1681 1332 γὰρ

235 1335 484 1394 ἐρεθίζεται
546 1335 628 1394 γὰρ
692 1333 779 1380 ὑπὸ
839 1336 923 1380 τῶν
997 1333 1082 1380 ὑπὸ
1131 1336 1215 1380 τῶν
1252 1333 1491 1403 χρωμάτων
1523 1333 1682 1379 τούτων

235 1395 477 1454 χρωμάτων
524 1395 575 1438 τὰ
625 1395 714 1452 ζῷα
764 1413 923 1439 τουτων
996 1395 1180 1452 μάλιστα
1214 1395 1265 1439 τὰ
1301 1396 1401 1452 ζῷα.

235 1459 307 1499 καὶ
341 1457 663 1515 διαθηριοῦται.

381 1545 457 1583 His
496 1545 749 1594 argumentis
803 1557 827 1582 a
880 1545 1003 1583 rebus
1042 1548 1082 1583 et
1122 1557 1145 1582 a
1179 1543 1475 1593 compositione
1523 1543 1678 1593 petitis,

236 1615 341 1655 quae
374 1604 453 1644 iam
488 1617 562 1656 per
595 1617 639 1645 se
662 1604 909 1656 gravissima
933 1617 1024 1645 esse
1044 1603 1203 1655 opinor,
1237 1604 1436 1643 nonnulla
1458 1603 1678 1652 adiungam

236 1666 287 1705 de
341 1678 528 1705 sermone
583 1665 701 1705 huius
750 1665 964 1705 orationis.
1031 1663 1120 1712 Qua
1160 1665 1201 1703 in
1234 1677 1279 1704 re
1312 1676 1440 1703 meum
1474 1676 1556 1702 non
1589 1675 1681 1703 esse

236 1729 334 1776 puto
388 1725 697 1765 accuratissime
751 1728 878 1765 totum
919 1737 1046 1775 genus
1087 1724 1250 1764 dicendi
1284 1726 1475 1764 excutere
1509 1731 1679 1777 etper-

237 1787 434 1836 serutari3
471 1787 572 1826 satis
607 1787 739 1839 habep
769 1800 835 1826 res
865 1787 1024 1836 afferre,
1061 1798 1167 1836 quae
1191 1787 1368 1825 colorem
1394 1784 1681 1824 Plutarcheum

235 1848 467 1886 luculenter
499 1859 598 1897 prae
632 1859 676 1886 se
709 1846 858 1885 ferunt.

382 1921 442 1948 or.
467 1909 543 1948 Ic.
582 1908 602 1948 1
629 1908 669 1947 in
693 1921 731 1958 p.
758 1907 901 1948 326d.
978 1896 1099 1953 οὗτος
1154 1898 1176 1945 ὃ
1229 1919 1302 1960 της
1361 1898 1505 1971 Τύχης
1557 1897 1679 1958 λόγος

235 1967 349 2005 ἐστὶν
380 1965 492 2006 ὶδιον
524 1980 596 2005 και
626 1980 760 2021 ιιονης
794 1960 923 2020 αὑτης
954 1967 1075 2019 ἔργον
1107 1959 1462 2031 ἀποφαινομένης
1483 1957 1680 2013 Ἀλέξαν-

237 2024 347 2081 δρον.
384 2051 440 2056 —-
479 2026 628 2069 Timol.
660 2027 715 2069 21
757 2040 808 2067 m.
844 2040 882 2078 p.
908 2026 1052 2068 246d
1108 2020 1155 2065 τὸ
1204 2022 1249 2065 δὲ
1286 2021 1396 2080 μηδὲ
1437 2017 1683 2064 ἀποθανεῖν

236 2101 329 2126 τινα
365 2085 476 2142 μηδὲ
522 2084 748 2141 τρωθηναι
788 2084 873 2125 τῶν
905 2086 1162 2139 Κορινθίων
1199 2083 1310 2124 ἴδιον
1341 2086 1462 2138 ἔργον
1493 2097 1622 2138 αυτης
1655 2076 1680 2138 ἡ

242 2144 526 2199 Τιιιολέοντος
559 2144 812 2196 ἐπεδείξατο
845 2140 976 2215 τύχη.

380 2223 415 2249 c.
443 2210 536 2250 lm.
571 2222 610 2259 p.
636 2209 782 2249 3⁶)6e:
841 2221 916 2262 την
952 2199 1193 2274 ηγεμονίαν,
1223 2198 1294 2273 ἢν
1342 2198 1470 2245 ω’νιον
1501 2203 1682 2256 αἵματος

239 2265 402 2307 πολλοῦ
456 2268 528 2307 καὶ
568 2262 822 2320 τραυμάτων
861 2261 1116 2335 ἑπαλληλων
1148 2278 1362 2316 κτωμενος
1397 2296 1405 2304 .
1427 2295 1435 2303 .
1457 2295 1495 2303 ..
1546 2262 1677 2303 ιάυεν.

235 2353 292 2356 -
326 2330 451 2368 Marc.
489 2329 557 2370 18.
613 2327 789 2367 εκεῖθεν
831 2320 974 2375 αι’-τοῖς
1031 2328 1221 2394 ἔφησεν
1241 2323 1352 2365 εἶναι
1392 2319 1524 2364 ποτὸν
1556 2317 1683 2364 ω’νιον

236 2389 430 2440 αἵματος.
466 2390 516 2428 de
550 2402 637 2428 san.
672 2389 809 2429 tuend.
836 2389 905 2428 24.
930 2401 968 2438 p.
1013 2388 1140 2428 1351)
1175 2379 1224 2426 οὗ
1255 2381 1336 2439 γὰρ
1369 2379 1517 2439 ἀργίας
1554 2378 1683 2424 ὤνιον

234 2464 278 2519 η
294 2442 434 2517 ὑγίεια
468 2447 539 2488 καὶ
573 2441 799 2502 ἀπραξίας.
837 2449 886 2488 de
920 2452 1054 2497 tranq.
1079 2460 1144 2488 an.
1181 2447 1207 2487 2
1229 2459 1269 2498 p.
1292 2445 1433 2487 4650:
1470 2439 1681 2499 πολυτελῆ

235 2524 310 2565 την
342 2503 560 2561 εὐθυμίαν
592 2509 838 2563 καθίστησι,
873 2509 1121 2562 γιγνοιιένην
1142 2501 1269 2546 ὤνιον
1301 2500 1443 2557 ἀπρα
1425 2504 1527 2556 flag.

388 2584 422 2610 c.
461 2570 530 2611 1f.
566 2584 604 2621 p.
641 2570 772 2610 326e.
861 2565 1042 2619 πολειιίς
1047 2582 1106 2607 ων
1140 2600 1148 2607 .
1185 2599 1193 2607 .
1232 2599 1239 2606 .
1276 2599 1284 2606 .
1322 2561 1429 2635 πρὸς
1490 2558 1682 2617 ἀμάχους

236 2625 439 2682 δυνάμεις
493 2629 565 2669 καὶ
605 2623 767 2683 ἄπειρα
808 2626 922 2684 φιλα
962 2628 1034 2667 καὶ
1073 2640 1293 2679 ποταμους
1328 2619 1569 2681 ἀπεράτους
1610 2622 1683 2663 καὶ
