1884 3135
369 705 539 761 Altera
560 723 691 771 parte,
726 733 832 771 quae
865 720 982 761 brevi
1016 734 1066 761 ex
1099 719 1252 762 eisdem
1286 720 1457 763 aedibus
1474 719 1693 774 Vogtianis

249 779 452 831 prodibit,
502 780 669 820 Weberi
709 785 950 831 argumenta
998 794 1021 820 a
1069 782 1192 822 rebus
1224 782 1367 833 petita,
1403 782 1551 834 quibus
1583 795 1691 824 com-

251 843 385 880 motus
439 840 665 880 orationem
726 842 899 881 alteram
948 841 1127 892 spuriam
1182 842 1359 894 censuit,
1420 842 1600 883 refutare
1653 847 1694 883 et

253 900 438 939 ordinem
471 900 614 938 harum
649 901 990 940 declamationum
1014 901 1277 941 vehementer
1298 904 1578 952 perturbatum
1602 915 1693 942 esse

253 958 540 999 demonstrare
590 959 740 999 studui.
806 959 910 1000 Huic
951 960 1231 1000 dissertationi
1266 961 1497 1012 inaugurali
1530 961 1693 1002 tertiam

252 1021 409 1057 tantum
462 1022 622 1068 partem
675 1019 801 1057 totius
856 1019 1042 1069 opusculi
1090 1019 1247 1070 insero,
1303 1032 1408 1070 quae
1447 1021 1497 1060 de
1540 1033 1691 1071 genere

250 1077 414 1118 dicendi
447 1090 506 1118 or.
531 1078 569 1117 II
603 1082 678 1118 cst.

394 1138 557 1176 Initium
581 1137 689 1176 facio
713 1149 738 1175 a
759 1138 912 1186 verbis,
947 1138 1095 1187 quibus
1122 1138 1301 1188 scriptor
1322 1139 1361 1177 in
1397 1139 1473 1178 hac
1505 1139 1691 1179 oratione

248 1196 396 1248 utitur,
447 1196 741 1248 percensendis
790 1200 914 1247 atque
951 1197 1123 1248 primum
1164 1210 1213 1237 ea
1245 1198 1386 1248 affero,
1428 1210 1534 1249 quae
1566 1203 1636 1238 aut
1667 1211 1692 1238 a

255 1256 477 1296 Plutarcho
510 1261 728 1308 praeterea
762 1270 841 1296 non
866 1257 1113 1296 adhibentur
1144 1262 1214 1297 aut
1245 1258 1325 1297 nisi
1358 1258 1435 1297 hoc
1466 1270 1547 1298 uno
1570 1270 1629 1298 or.
1653 1259 1691 1297 Π

249 1317 340 1356 loco
395 1328 475 1355 non
524 1317 728 1366 leguntur.
794 1317 883 1356 Hoc
931 1327 1173 1366 quamquam
1207 1317 1339 1368 primo
1373 1318 1515 1357 obtutu
1548 1322 1693 1358 contra

249 1388 339 1416 eum
371 1388 556 1427 pugnare
590 1376 764 1425 videtur,
799 1380 934 1416 tamen
984 1376 1324 1416 considerandum
1358 1383 1440 1428 est,
1491 1377 1691 1417 eiusmodi

248 1440 490 1485 argumenta
523 1436 625 1475 satis
658 1436 818 1474 lubrica
851 1440 892 1475 et
923 1436 1091 1475 fallacia
1124 1448 1229 1487 esse,
1263 1449 1352 1476 cum
1385 1437 1562 1475 maxima
1593 1449 1690 1486 pars

247 1494 477 1535 litterarum
512 1494 763 1535 Graecarum
797 1494 944 1534 misere
993 1495 1267 1546 interciderit,
1317 1499 1372 1546 ut,
1414 1508 1534 1546 quam
1567 1508 1692 1547 saepe

251 1555 419 1595 verbum
469 1555 674 1605 quoddam
724 1555 949 1594 adhibitum
999 1555 1054 1594 sit
1086 1560 1156 1594 aut
1188 1568 1212 1594 a
1245 1555 1516 1606 scriptoribus
1549 1559 1619 1595 ant
1650 1556 1690 1595 in

252 1626 441 1654 sermone
475 1614 683 1653 cotidiano
718 1618 831 1653 certo
865 1614 1061 1653 constitui
1100 1627 1179 1653 non
1219 1616 1371 1665 possit3
1422 1615 1518 1664 quin
1568 1615 1690 1661 etiam
1727 1633 1730 1636 ·

251 1687 302 1714 ne
321 1674 458 1713 omnia
492 1673 654 1724 quidem
689 1673 900 1713 Plutarchi
934 1686 1060 1724 opera
1094 1673 1213 1713 nobis
1246 1674 1401 1713 tradita
1434 1678 1539 1714 sunt.
1583 1673 1687 1713 Tum

248 1746 348 1773 vero
373 1733 666 1783 Wyttenbachi
683 1733 815 1772 Indici
837 1733 939 1772 fides
958 1733 1146 1772 habenda
1169 1746 1247 1772 nou
1273 1738 1347 1783 est,
1373 1733 1442 1783 qui
1466 1746 1586 1783 quam
1608 1747 1688 1773 non

251 1792 429 1832 sufficiat
478 1795 519 1832 et
567 1796 730 1832 constat
777 1796 818 1832 et
858 1792 944 1843 ipse
977 1793 1191 1843 permultis
1224 1792 1328 1832 locis
1362 1797 1554 1843 expertus
1587 1805 1688 1832 sum.

246 1853 420 1893 Accedit
461 1853 635 1892 libertas
685 1853 902 1903 scriptoris
949 1854 1078 1892 verba
1117 1853 1157 1891 in
1198 1865 1312 1892 usum
1348 1865 1461 1892 snum
1494 1852 1686 1903 fingendi,

247 1913 356 1964 quod
392 1912 498 1952 haud
538 1925 632 1952 raro
668 1912 931 1952 Plutarchum
971 1912 1121 1952 fecisse
1161 1916 1335 1952 constat.
1400 1911 1480 1952 Sed
1513 1924 1564 1952 ne
1596 1912 1688 1963 quis

248 1973 312 2013 his
335 1973 566 2012 rationibus
591 1986 672 2012 non
695 1973 908 2012 convictus
932 1978 1103 2024 propter
1125 1973 1226 2012 haec
1249 1973 1376 2012 verba
1400 1973 1626 2012 orationem
1650 1973 1691 2011 H

248 2046 273 2072 a
307 2033 589 2073 Chaeronensi
623 2033 847 2082 abiudicet,
898 2045 946 2071 ea
987 2033 1235 2072 enumerabo
1266 2032 1418 2071 additis
1452 2032 1532 2080 eis,
1583 2044 1688 2083 quae

249 2093 372 2133 etiam
406 2093 447 2132 in
471 2105 531 2133 or.
556 2094 573 2131 Ι
597 2096 638 2132 et
670 2092 844 2143 exempli
869 2093 1006 2142 gratia
1039 2093 1079 2131 in
1113 2092 1219 2131 libro
1253 2092 1303 2132 de
1337 2104 1416 2132 ser.
1444 2104 1552 2131 num.
1575 2092 1686 2132 vind.

247 2152 476 2203 singularia
524 2154 733 2202 leguntur,
784 2152 890 2191 unde
939 2152 1013 2191 has
1047 2165 1106 2190 or.
1147 2152 1184 2190 II
1232 2164 1357 2191 voces
1405 2153 1518 2190 nullo
1567 2152 1713 2191 modo-

246 2216 391 2252 contra
431 2211 697 2251 Plutarchum
745 2216 905 2251 certare
953 2215 1139 2262 apparet.
1210 2211 1367 2261 Verba,
1417 2223 1523 2261 quae
1571 2202 1692 2261 ἅπαξ

244 2272 448 2326 εἰρημένα
481 2275 693 2321 vocantur,
728 2271 929 2312 asterisco
962 2271 1123 2321 notavi;
1159 2283 1303 2310 moneo
1337 2283 1386 2310 ea
1418 2272 1532 2310 nullo
1565 2274 1687 2321 pacto

245 2331 431 2371 inaudita
470 2335 510 2371 et
543 2335 687 2371 contra
728 2331 842 2381 leges
876 2330 1041 2380 linguae
1075 2330 1260 2371 Graecae
1294 2329 1549 2370 conformata
1581 2342 1686 2381 esse,

245 2391 353 2442 qnod
388 2391 588 2441 exemplis
621 2391 830 2430 nonnullis
863 2391 1003 2429 allatis
1037 2390 1315 2441 comprobavi.

897 2486 955 2513 or.
987 2474 1037 2513 ΙΙ.

243 2528 462 2589 αἰτητικός
495 2547 530 2574 c.
555 2534 581 2575 2
606 2544 644 2584 p.
670 2534 759 2574 334
777 2546 811 2573 e.

243 2586 462 2648 ἀναβάδην
493 2607 527 2633 c.
552 2594 578 2633 3
604 2605 641 2643 p.
667 2594 754 2634 336
773 2606 808 2634 c.
857 2595 915 2632 Ex
950 2593 1088 2633 Ctesia
1121 2593 1208 2633 sive
1232 2593 1389 2633 Duride
1419 2593 1686 2644 desumptum,

387 2654 442 2696 cf.
473 2654 622 2694 Athen.
656 2653 743 2706 ΧΠ,
777 2666 817 2706 p.
837 2653 971 2694 529a.
