1884 3135
850 378 1047 438 Vita.

364 562 483 599 Natus
514 572 595 597 sum
618 559 772 597 Carolus
810 559 1062 597 Guilelmus
1100 560 1363 597 Nachstadt
1400 560 1563 597 Berolini
1603 561 1662 598 die

219 622 326 660 XIV.
350 622 487 659 mensis
501 615 732 668 ¹Septembris
758 632 789 657 a.
815 621 851 656 h.
865 612 894 657 s.
921 619 1028 657 LXX
1042 624 1149 667 patre
1162 619 1358 663 Guilelmo,
1385 624 1504 657 matre
1518 621 1661 658 Bertha

220 694 240 719 e
257 685 371 729 gente
378 681 534 724 Schack‚
552 691 642 725 quos
658 680 867 716 etiamnunc
882 679 983 717 vivos
997 691 1080 716 esse
1090 681 1195 716 valde
1209 681 1363 725 gaudeo.
1381 680 1486 717 Fidei
1494 680 1662 718 addictus

219 753 298 778 sum
319 740 570 787 evangelicae.
620 740 848 777 Litterarum
880 738 1089 785 primordiis
1116 739 1278 776 Berolini
1315 739 1351 776 in
1391 740 1474 776 ludo
1513 739 1659 785 privato

219 801 379 840 imbutus
404 811 539 837 nonum
566 811 700 836 annum
715 810 840 846 agens,
867 803 1059 846 postquam
1075 805 1183 847 pater
1207 801 1246 839 in
1258 800 1391 845 vicum,
1420 799 1481 845 qui
1506 803 1661 836 vocatur

220 860 490 904 Wilme'rsdorf,
528 859 713 906 migravit.
739 859 970 906 gymnasium
997 859 1405 907 Charlottenburgense
1431 859 1521 905 adii,
1564 859 1660 905 quod

218 921 337 958 adhuc
360 921 427 958 sub
453 919 624 966 auspiciis
656 919 698 957 F.
724 919 901 957 Schultzii
928 932 962 957 v.
988 920 1011 957 i.
1037 920 1158 958 floret.
1208 920 1252 957 In
1284 930 1354 966 quo
1381 919 1593 967 Septembri
1619 931 1652 956 a.

218 982 253 1017 h.
275 992 304 1018 s.
331 980 534 1017 LXXXIX
559 979 789 1016 maturitatis
814 979 1068 1017 testimonium
1092 985 1224 1018 nactus
1246 980 1515 1017 Universitatis
1529 980 1655 1016 Fride-

217 1040 317 1078 ricae
343 1040 547 1078 Guilelmae
574 1039 824 1076 Berolinensis
850 1040 989 1077 civibus
1027 1041 1235 1087 adscriptus
1270 1052 1351 1077 sum
1389 1040 1509 1085 ibique
1535 1039 1650 1087 philo-

217 1100 346 1147 logicis
371 1099 558 1136 historicis
583 1099 778 1136 theotiscis
803 1099 934 1136 studiis
961 1112 1110 1146 operam
1135 1101 1229 1137 dedi.

364 1159 578 1197 Docuerunt
602 1171 660 1196 me
686 1171 752 1206 per
777 1171 908 1196 novem
925 1160 1120 1197 semestria
1145 1160 1216 1197 viri
1239 1159 1503 1197 illustrissimi:
1523 1159 1664 1196 Beller-

220 1231 340 1261 mann,
366 1219 481 1262 Diels,
520 1219 687 1266 Dilthey,
727 1219 882 1266 During,
919 1220 1169 1267 Ebbinghaus,
1209 1220 1385 1259 Geldner,
1423 1220 1467 1256 de
1494 1219 1667 1266 Gizycki,

219 1278 442 1324 Hirschfeld,
469 1279 633 1324 Hnbner‚
659 1279 827 1325 Kiepert,
855 1278 1061 1324 Kirchhoff,
1085 1280 1217 1324 Koser,
1234 1279 1386 1323 Kubler‚
1404 1279 1519 1323 Lenz‚
1536 1279 1668 1326 Meyer

217 1339 359 1384 Nande,
383 1340 555 1383 Paulsen,
584 1339 779 1387 Roediger‚
813 1339 1206 1384 Scheffer-Boichorst,
1244 1340 1286 1376 E.
1314 1339 1495 1383 Schmidt,
1535 1339 1664 1376 Stern-

219 1399 305 1443 seld,
332 1399 478 1444 Tobler,
522 1399 567 1436 de
594 1398 826 1444 Treitschke‚
852 1400 1011 1444 Vahlen,
1048 1398 1223 1447 Wagner,
1248 1399 1512 1443 wattenbach,
1538 1398 1681 1436 Wein--

226 1459 326 1504 hold,
351 1460 483 1496 Zeller.

361 1519 422 1555 Ad
449 1514 733 1556 exercitationes
750 1519 906 1566 benigne
925 1519 1014 1556 mihi
1040 1520 1181 1557 aditum
1206 1520 1459 1566 praebuerunt
1487 1520 1660 1556 archaeo-

216 1580 355 1625 logicas
380 1579 506 1620 Graes,
543 1579 747 1616 theotiscas
773 1580 817 1617 Ε.
856 1579 1025 1617 Schmidt
1061 1585 1100 1617 et
1138 1580 1337 1617 Weinhold
1363 1580 1420 1626 (in
1459 1579 1658 1617 seminario

216 1637 457 1685 germanico),
482 1638 678 1676 historicas
703 1639 927 1682 Hirschfeld,
970 1639 1071 1676 cuius
1113 1639 1282 1676 doctriua
1322 1651 1388 1685 per
1430 1644 1562 1684 quater
1593 1650 1658 1675 sex

218 1709 362 1735 menses
388 1698 529 1735 fructus
547 1710 638 1743 sum,
667 1702 707 1736 et
721 1699 882 1743 Marcks,
907 1699 1149 1746 philologicas
1167 1700 1330 1744 Hflbner,
1356 1699 1459 1736 cuius
1484 1698 1656 1736 societati

217 1769 284 1804 per
309 1757 428 1794 sexies
454 1769 518 1795 sex
544 1769 690 1795 menses
715 1758 878 1795 interfui.
930 1758 1127 1796 Seminarii
1152 1759 1385 1805 philologici,
1412 1759 1506 1804 quod
1533 1758 1655 1795 mode-

215 1823 347 1854 rantur
371 1817 568 1855 Kirchhoff
589 1821 629 1855 et
655 1818 812 1863 Vahlen,
837 1830 904 1865 per
928 1818 1085 1865 quinque
1116 1819 1312 1856 semestria
1343 1818 1479 1855 sodalis
1515 1818 1567 1855 fui
1596 1829 1655 1854 or-

218 1877 393 1914 dinarius.

361 1937 501 1983 Quibus
527 1937 616 1975 viris
635 1937 799 1975 omnibus
817 1938 954 1985 optime
980 1939 1024 1975 de
1050 1951 1108 1977 me
1133 1938 1275 1975 meritis
1293 1938 1434 1985 gratias
1459 1934 1531 1985 ago
1549 1948 1660 1985 quam

216 1996 403 2040 maximas,
441 1997 637 2044 praecipue
675 2009 762 2035 vero
788 1998 1037 2035 HirschfeldIo
1062 1999 1239 2036 Habuero
1266 2019 1311 2024 —-
1337 1998 1398 2045 qui
1435 1997 1569 2035 studiis
1595 1998 1654 2034 his

215 2057 449 2094 Plutarcheis
498 2069 557 2095 me
597 2057 764 2095 initiavit
793 2078 835 2084 —
860 2058 1090 2095 Kirchhoffio
1115 2059 1297 2103 Vahleno,
1337 2058 1398 2104 qui
1435 2057 1588 2095 consilio
1615 2061 1655 2094 et

218 2115 411 2164 disciplina
447 2117 571 2154 studia
612 2130 696 2155 mea
722 2130 829 2164 quam
871 2118 1027 2155 maxime
1070 2122 1253 2156 auxerunt
1294 2122 1334 2155 et
1373 2118 1659 2155 sublevaverunt

216 2187 428 2224 summaque
454 2189 536 2214 cum
562 2178 792 2225 benignitate
809 2190 868 2215 me
894 2190 1040 2227 semper
1056 2178 1293 2223 adiuverunt;
1319 2189 1473 2224 quorum
1492 2178 1655 2215 virorum

212 2236 428 2274 memoriam
452 2237 514 2284 pio
539 2241 722 2285 gratoque
747 2249 893 2286 semper
914 2239 1033 2276 colam
1058 2238 1192 2276 animo.

654 2430 1224 2441 mmmmm
