1884 3135
931 296 959 337 9

221 411 412 473 στήμης
448 416 597 468 (comp.
631 415 793 467 Philop.
829 415 864 455 ἀ
895 416 1026 455 Flam.
1061 415 1088 455 2
1121 415 1175 455 in.
1225 415 1276 455 de
1324 416 1655 467 Philopoemene:

165 498 167 500 ·
217 477 373 546 μυρίας
395 471 546 544 μάχας
576 470 862 543 κατορθιίσας
893 467 1097 526 οὐδεμίαν
1129 467 1448 542 ἀμφισβήτησιν
1479 472 1528 529 τῇ
1552 470 1656 530 τύχῃ

220 531 328 591 πρὸς
373 531 449 592 τὴν
493 528 734 591 ἐπιστήμην
781 527 1099 587 ἀπολέλοιπεν),
1140 529 1294 590 τύχης
1342 535 1427 573 καὶ
1461 530 1659 589 φύσεως

219 594 448 665 (Demosth.
482 597 526 638 2;
582 595 858 663 Demosthene
896 599 937 635 et
969 595 1166 635 Cicerone
1199 595 1448 646 comparatis
1494 596 1656 646 pergit:

219 649 340 706 ὥστε,
374 657 414 697 εί
443 651 606 711 γένοιτο
638 652 704 724 τῇ
722 649 849 723 φύσει
881 654 953 694 καὶ
985 651 1033 709 τῇ
1068 649 1171 709 τύχῃ
1204 649 1414 709 καθάπερ
1446 655 1657 706 τεχνίταις

219 689 390 769 ἅμιλλα,
423 712 625 768 χαλεπιῖς
655 709 736 767 μὲν
769 728 822 754 αν
853 711 1147 784 διακριθῆναι,
1198 710 1380 768 πότερον
1391 708 1554 783 αὕτη
1567 717 1656 762 τοῖς

218 772 395 845 τρόποις
425 769 453 832 ἢ
485 777 573 823 τοῖς
605 769 850 829 πράγμασιν
895 767 1035 830 ἐκείνη
1068 769 1164 822 τοὺς
1196 751 1351 829 α’νδρας
1384 767 1658 829 ὁμοιοτέρους

218 829 537 890 ἀπείργασται),
587 830 737 890 τύχης
774 834 863 874 καὶ
893 835 1080 881 κακίας
1128 833 1197 888 (an
1237 836 1374 875 vitios.
1416 837 1467 874 ad
1501 836 1653 876 infelic.

218 898 307 937 suff.
341 898 368 938 3
400 910 439 948 p.
463 896 551 937 498
574 895 607 946 f;
643 896 716 936 has
750 895 858 936 inter
888 908 933 936 se
965 899 1171 936 certantes
1203 895 1307 935 facit
1340 896 1530 946 scriptor,
1565 900 1657 935 utra

217 956 466 996 infeliciores
489 956 636 996 reddat
657 956 857 1006 homines3
883 955 1107 1007 praecipue
1129 955 1221 995 ideo
1247 955 1312 995 hic
1334 957 1450 995 locus
1473 956 1655 995 animad-

218 1016 435 1057 vertendus
483 1019 558 1068 est,
609 1016 719 1067 quod
767 1015 977 1056 vitiositas
1027 1015 1253 1054 orationem
1303 1015 1404 1055 satis
1453 1016 1656 1055 rhetorice

217 1080 455 1117 exornatam
490 1080 637 1116 contra
668 1076 870 1117 fortunam
904 1076 1041 1126 habet,
1091 1079 1135 1115 nt
1181 1075 1404 1115 similitudo
1436 1077 1655 1127 perspicua

216 1135 301 1187 sit).
366 1135 526 1187 Optime
573 1140 707 1176 autem
739 1136 841 1176 haec
873 1135 1084 1175 Plutarchi
1132 1135 1382 1175 consuetudo
1433 1148 1481 1175 ex
1515 1136 1654 1175 decla-

215 1197 392 1236 matione
425 1196 504 1264 „de
536 1195 630 1236 fort.
666 1196 780 1236 Rom.
787 1195 807 1215 ‘⁴
845 1196 1122 1246 cognoscitur,
1158 1207 1278 1245 quam
1309 1195 1430 1234 etiam
1454 1196 1653 1235 Weberus

215 1255 255 1294 in
303 1255 506 1323 principio
570 1255 688 1294 huius
744 1255 943 1294 orationis
981 1256 1000 1293 I
1057 1255 1286 1305 supplendo
1350 1259 1651 1295 commemorat.

214 1314 364 1381 Incipit
385 1315 509 1354 enim:
545 1313 591 1353 αἱ
613 1308 796 1360 πολλοὺς
818 1307 1025 1365 πολλάκις
1046 1306 1331 1381 ᾗγωνισμέναι
1353 1313 1425 1352 καὶ
1445 1308 1654 1367 μεγάλους

215 1365 381 1441 ἀγῶνας
412 1365 540 1440 ἀρετὴ
574 1386 648 1412 και
682 1367 803 1440 11an
826 1367 935 1426 πρὸς
957 1365 1141 1440 ἇλληλας
1160 1384 1358 1426 μεγιστον
1380 1366 1654 1427 ἀγωνίζονται

214 1445 285 1472 τον
310 1426 520 1500 παρόντα,
556 1432 656 1501 περὶ
689 1446 762 1488 της
791 1425 1018 1484 Ῥωμαίων
1044 1426 1271 1502 ἡγεμονίας
1300 1428 1652 1484 διαδικαζόμεναι

215 1486 401 1559 ποτέρας
431 1486 599 1547 γέγονεν
629 1486 752 1547 ἔργον
783 1492 855 1532 καὶ
887 1487 1049 1547 ποτέρα
1081 1488 1157 1549 τὴν
1187 1488 1443 1549 τηλικαύτην
1474 1488 1654 1545 δύναμιν

213 1546 468 1607 γεγέννηκεν.
535 1553 678 1604 Capite
728 1554 858 1593 altero
899 1557 1144 1604 postquam
1140 1555 1394 1593 Plutarchus
1435 1554 1487 1593 ad
1534 1558 1652 1605 pote-

214 1617 360 1654 statem
393 1614 666 1654 Romanorum
715 1614 942 1665 augendam
976 1614 1197 1654 Fortunam
1231 1627 1311 1654 non
1361 1614 1490 1665 magis
1532 1626 1653 1665 quam

212 1673 412 1712 Virtutem
451 1674 634 1714 valuisse
667 1675 876 1725 exposuit,
927 1687 961 1713 c.
996 1676 1021 1714 3
1058 1675 1268 1725 Virtutem,
1310 1688 1344 1714 c.
1367 1676 1397 1714 4
1432 1676 1651 1714 Fortunam

216 1745 305 1773 cum
338 1733 557 1773 clientibus
606 1734 659 1773 ad
707 1737 911 1774 certamen
960 1734 1078 1785 quasi
1126 1734 1167 1773 in
1200 1734 1392 1774 iudicium
1441 1734 1653 1774 venientes

212 1791 312 1832 facit
343 1790 395 1844 (c.
421 1793 446 1833 3
470 1792 562 1843 inst)
598 1792 687 1832 νυνὶ
719 1787 765 1833 δέ
801 1806 878 1844 μοι
917 1790 1029 1832 δοκῶ
1069 1790 1141 1832 τοῦ
1175 1788 1476 1862 προβλήματος
1508 1785 1656 1861 (ἷσπερ

212 1844 300 1890 ἀπὸ
347 1848 511 1919 σκοπῆς
557 1849 755 1905 καθορᾶν
800 1846 877 1892 επὶ
923 1848 998 1921 τὴν
1029 1848 1243 1906 σύγκρισιν
1290 1853 1362 1892 καὶ
1401 1848 1472 1892 τὸν
1510 1866 1589 1907 αγιι
1603 1866 1653 1893 να

211 1905 286 1966 τήν
316 1924 361 1951 τε
397 1906 543 1966 Τύχην
580 1912 652 1952 καὶ
684 1907 759 1968 τὴν
788 1905 966 1968 Ἀρετὴν
1010 1907 1279 1965 βαδιζούσας.
1344 1915 1406 1952 Ex
1445 1914 1507 1953 his
1548 1914 1652 1953 locis

209 1972 469 2021 perspicuum
517 1973 562 2011 fit
614 1973 833 2013 Weberum
889 1977 1000 2013 recte
1048 1973 1325 2023 iudicavisse,
1393 1987 1481 2013 cum
1536 1973 1652 2013 initio

211 2030 329 2070 huius
368 2031 567 2072 orationis
600 2033 618 2071 I
666 2032 724 2071 nil
763 2032 844 2072 nisi
877 2034 1084 2073 Fortunae
1122 2034 1428 2083 perorationem
1475 2033 1652 2083 periisse

210 2095 399 2141 poneret,
448 2104 581 2142 neque
630 2092 799 2132 Reiskio
849 2092 1219 2143 adstipulabimur,
1285 2093 1355 2143 qui
1404 2093 1651 2143 opinabatur

214 2150 518 2201 „praecessisse
572 2152 696 2192 aliam
729 2152 1066 2204 disputationem,
1122 2153 1163 2192 in
1211 2165 1292 2203 qua
1325 2153 1650 2192 demonstratum

210 2209 343 2250 iverat
364 2214 519 2263 auctor,
539 2212 817 2252 Alexandrum
840 2225 938 2253 suae
959 2212 1093 2253 famae
1115 2213 1408 2263 felicitatisque
1432 2213 1650 2252 maximam

212 2273 370 2320 partem
403 2272 610 2323 propitiae
641 2272 832 2314 fortunae
864 2272 1097 2313 debuisse.“

353 2331 474 2372 Ratio
506 2333 768 2384 philosopha,
804 2344 884 2383 qua
915 2346 997 2373 non
1031 2337 1114 2373 tam
1147 2333 1335 2384 doctrina
1368 2346 1490 2383 quam
1523 2333 1648 2373 rebus

209 2389 432 2440 prudenter
463 2392 593 2440 gestis
624 2393 914 2461 philosophum
947 2393 1141 2443 cognosci
1175 2406 1263 2432 cum
1296 2397 1383 2432 tota
1416 2405 1475 2432 or.
1510 2394 1527 2431 I
1561 2396 1645 2431 tum

210 2462 244 2489 e.
278 2451 307 2490 4
338 2450 508 2490 docetur
540 2446 724 2503 (τούτοις
760 2447 840 2506 γὰρ
872 2475 929 2481 -
968 2453 1057 2494 scil.
1092 2449 1383 2520 συλλογισμοῖς
1415 2451 1487 2490 καὶ
1520 2444 1648 2501 ἀξιώ-

207 2519 313 2559 μασι
360 2508 432 2549 καὶ
474 2506 743 2580 περιπάτοις
770 2511 842 2551 καὶ
873 2506 1051 2552 θέσεσιν
1081 2535 1139 2541 —-
1171 2505 1359 2566 ὁρίζουσι
1389 2509 1651 2566 φιλοσοφίαν

209 2567 250 2607 οἱ
280 2564 404 2639 λόγον
435 2563 566 2627 αὐτὴν
597 2564 673 2612 οὐκ
719 2565 843 2627 ἔργον
889 2568 1131 2643 νομίζοντες
1161 2586 1201 2624 p.
1236 2572 1322 2614 328
1342 2571 1396 2623 a),
1445 2572 1647 2613 latissime

208 2633 322 2682 patet
353 2631 396 2670 in
429 2632 641 2675 Plutarchi
674 2633 862 2689 scriptis,
912 2633 1064 2690 quippe
1113 2646 1200 2677 cum
1234 2633 1275 2677 in
1308 2633 1431 2675 rebus
1463 2631 1649 2687 physicis
