1884 3135
762 476 1070 536 TheseS.

340 663 379 702 1.
443 662 692 702 Lueianus
711 662 860 701 eumin
879 663 1160 703 Alexandri
1179 675 1213 703 o.
1237 663 1291 703 14
1308 657 1381 701 τὸν
1398 654 1638 718 ἀρτιγέννη-

193 734 265 761 τον
294 713 560 789 Ἀσκλτζπιόν
606 723 791 773 appellat
839 718 905 769 δὶς
952 721 1183 773 τεχθέντα,
1232 714 1304 762 ὅτε
1357 715 1478 761 ἄλλοι
1519 714 1641 773 ὅπὰξ

195 781 409 821 τίκτονται
432 780 681 835 ανθρωποι,
715 782 950 834 respexisse
973 787 1014 823 et
1036 782 1259 827 mutavisse
1280 782 1444 823 videtur
1467 783 1638 824 Homeri

195 854 359 882 versum
392 839 488 895 (Od.
522 842 601 882 XII
623 841 717 893 22):

386 933 396 943 .
417 934 426 943 .
461 893 533 942 ὅτε
565 894 600 941 τ’
605 895 728 942 ἄλλοι
759 894 881 953 ἅπαξ
910 894 1143 959 θνήσκουσ’
1178 895 1426 958 ἄνθρωποι.

344 1036 384 1076 2.
449 1037 497 1076 111
545 1036 799 1076 Plutarchi
838 1037 864 1076 1.
906 1036 963 1076 de
986 1037 1099 1077 soll.
1124 1036 1266 1076 anim.
1307 1049 1342 1077 o.
1368 1038 1424 1078 14
1455 1049 1494 1087 p.
1519 1037 1639 1078 9700

193 1096 455 1136 scribendum
478 1100 559 1136 est:
594 1090 645 1134 τὰ
669 1088 706 1134 δ’
726 1088 833 1135 αὐτὰ
867 1095 939 1134 καὶ
972 1089 1045 1134 τὸν
1077 1088 1226 1135 ἀετὸν
1258 1092 1412 1150 δρᾶσαι
1433 1092 1635 1150 λέγουσιν.

338 1228 378 1268 3.
442 1229 490 1267 111
539 1228 757 1267 eiusdem
797 1229 824 1267 l.
865 1228 926 1267 de
975 1228 1057 1267 vit.
1109 1241 1204 1267 aer.
1239 1230 1298 1268 al.
1349 1241 1383 1269 e.
1408 1229 1435 1268 2
1456 1241 1495 1279 p.
1516 1229 1636 1269 8281>

191 1301 267 1339 pro
291 1280 432 1336 ὅπως
456 1288 716 1328 scribendum
746 1292 811 1328 est
833 1282 992 1341 τούτῳ
1017 1294 1057 1328 et
1079 1289 1247 1339 gravius
1270 1289 1635 1340 interpungendum

192 1353 289 1399 post
320 1348 537 1403 ἐποίησεν.

336 1482 378 1520 4.
442 1482 491 1520 In
539 1481 758 1521 eiusdem
816 1481 936 1520 libri
985 1493 1017 1521 o.
1043 1483 1073 1520 4
1100 1494 1139 1531 p.
1160 1481 1289 1521 8292
1336 1482 1637 1521 Plutarchus

192 1541 351 1581 verbis:
408 1540 655 1596 σπείροντες
688 1533 766 1591 οὐχ
798 1532 957 1596 ἥμερον
989 1535 1157 1595 καρπὸν
1188 1533 1248 1588 (ὃς
1279 1533 1302 1579 ὁ
1339 1535 1637 1595 Τριπτόλεμος

192 1601 412 1652 Sophoclis
445 1601 702 1651 tragoediam
737 1601 849 1639 illam
882 1601 1085 1651 perditam
1119 1600 1353 1651 significare
1387 1602 1560 1642 videtur.

338 1735 378 1774 5.
441 1734 621 1774 Avieni
655 1733 955 1773 Arateorum
990 1745 1054 1772 vV.
1080 1733 1169 1774 264
1191 1746 1299 1784 sqq„
1335 1733 1406 1784 qui
1435 1734 1485 1772 de
1507 1734 1637 1773 Boote

192 1796 300 1847 sunt,
334 1793 392 1834 ita
424 1793 624 1845 legendos
658 1806 750 1834 esse
782 1797 900 1845 puto:

367 1877 455 1918 Neo
488 1877 620 1917 minus
653 1877 694 1916 in
716 1877 912 1917 membris
935 1878 1006 1916 lux
1029 1877 1102 1916 olli
1126 1876 1303 1916 maxima
1323 1876 1463 1915 vibrat

369 1937 581 1988 Omnibus,
616 1937 735 1977 ardet
766 1949 872 1988 apex
906 1937 1044 1988 capiti,
1079 1936 1204 1976 micat
1236 1936 1358 1987 ignea
1380 1937 1462 1977 late

366 1999 569 2049 Dextera,
609 1998 796 2037 flammae
832 1993 1011 2038 haerent
1041 1996 1212 2048 umeris,
1261 1996 1461 2040 flammam

1129 2061 1265 2096 movet
1297 2056 1460 2098 instans

366 2119 482 2160 Inter
512 2120 730 2168 utrumque
763 2117 905 2158 femur.

626 2317 1202 2327 «mmmmm
