1884 3135
927 300 955 345 8

223 425 369 475 Itaque
408 425 608 476 perfacile
640 424 907 464 Plutarchum
940 424 1171 465 Alexandri
1210 419 1377 466 virtutis
1416 424 1674 466 defensorem

223 485 425 525 exsistere
466 485 665 536 potuisse,
713 497 795 524 non
829 488 904 535 est,
940 485 1051 535 quod
1088 497 1293 536 moneam,
1342 489 1387 525 ut
1424 485 1673 526 haerendum

223 557 304 584 non
340 544 394 584 sit
426 544 467 583 in
501 557 571 595 eo,
622 544 748 595 quod
781 541 961 595 scriptor
1007 544 1049 584 in
1081 544 1153 584 lib.
1189 544 1240 584 de
1272 543 1368 586 fort.
1402 545 1518 585 Rom.
1553 557 1588 585 c.
1616 545 1672 586 13

223 605 277 644 in.
311 609 602 645 commemorat
654 596 939 658 Ἀλεξάνδρου
966 598 1177 672 τελευτήν,
1211 596 1363 658 ἀνδρὸς
1405 596 1670 673 εὐτυχήμασι

221 659 425 717 μεγάλοις
457 664 529 703 καὶ
562 659 877 731 κατορθώμασι
908 661 1126 717 λαμπροῖς
1156 657 1243 704 ὑπὸ
1276 659 1471 718 θάρσους
1503 657 1675 716 ἀμάχου

223 723 296 763 καὶ
329 736 604 807 φρονηματος
636 716 785 777 εἷ’σπερ
818 717 974 778 ἄστρου
1021 718 1262 780 φερομένου
1309 723 1381 764 καὶ
1429 718 1673 779 διᾴττοντος

224 783 302 823 ἐπὶ
334 781 497 835 ὃυσμας
534 781 583 834 εξ
629 777 858 836 ἀνατολῶν,
909 785 1059 836 quibus
1106 785 1246 826 verbis
1278 784 1507 825 Alexandri
1540 785 1671 825 virtus

225 845 338 884 nullo
371 848 494 895 pacto
528 844 779 885 diminuitur.
830 846 956 885 Immo
981 845 1226 885 Plutarchus
1250 845 1410 885 Livium
1434 844 1673 897 impugnare

226 905 405 954 videtur,
456 905 526 955 qui
574 906 666 944 loco
716 906 788 944 illo
837 905 1052 945 notissimo
1102 903 1173 958 (IX
1211 904 1402 955 17—19)
1441 905 1671 956 Timageni,

223 968 268 1003 ut
300 965 389 1004 iure
421 969 601 1015 putatur,
651 965 895 1005 adversatus
936 965 1145 1016 copiosius
1177 968 1472 1016 perscrutatur,
1521 969 1667 1016 utrum,

223 1024 259 1065 si
292 1024 533 1065 Alexander
565 1025 605 1064 in
640 1026 801 1064 ltaliam
840 1025 1024 1065 venisset
1051 1028 1174 1074 atque
1197 1037 1286 1065 cum
1310 1024 1504 1066 Romanis
1526 1037 1669 1065 manus

224 1085 518 1135 conseruisset,
553 1085 800 1125 Macedones
849 1098 900 1124 an
950 1085 1122 1125 Romani
1171 1085 1407 1136 superiores
1446 1085 1668 1125 discessuri

222 1144 386 1185 fuerint.
451 1144 555 1183 Nam
605 1157 695 1184 cum
731 1144 894 1196 Livius,
944 1149 988 1184 ut
1019 1148 1336 1185 consentaneum
1378 1147 1460 1196 est,
1509 1144 1668 1185 civibus

223 1205 309 1244 suis
342 1205 518 1254 palmam
553 1205 721 1254 tribuat,
773 1205 1037 1255 Plutarchus,
1088 1216 1168 1254 quo
1217 1211 1306 1244 erat
1337 1206 1497 1254 patriae
1529 1216 1669 1244 amore

224 1268 265 1303 et
317 1264 545 1314 priscorum
602 1264 781 1303 virorum
829 1264 985 1314 studio,
1039 1263 1244 1303 fortunam
1292 1265 1445 1314 populo
1484 1264 1667 1304 Romano

226 1324 446 1373 benignam
480 1323 557 1363 hoc
591 1331 797 1363 certamen
830 1323 1092 1374 prohibuisse
1125 1323 1307 1374 exponit,
1341 1323 1391 1363 de
1418 1323 1533 1363 cuius
1556 1323 1668 1363 exitu

225 1383 322 1432 quid
356 1383 601 1422 iudicaverit
634 1384 712 1422 etsi
745 1384 963 1434 nescimus,
1013 1396 1101 1422 cum
1149 1383 1242 1423 finis
1291 1383 1491 1427 orationis
1538 1383 1664 1423 inter-

225 1443 387 1493 ciderit,
420 1447 555 1483 tamen
588 1443 817 1483 Alexandri
845 1443 1069 1494 potentiam
1092 1446 1133 1483 et
1155 1455 1253 1494 opes
1277 1455 1366 1483 eum
1390 1443 1667 1483 celebravisse

223 1516 273 1543 ex
317 1504 396 1554 eis,
448 1516 553 1553 quae
587 1508 820 1554 supersunt,
871 1504 1137 1554 intellegitur.
1219 1502 1335 1551 Quod
1391 1503 1427 1543 si
1479 1503 1667 1544 conside-

224 1576 375 1615 ramus,
412 1564 547 1602 nullus
570 1563 620 1602 de
643 1568 883 1614 argumento
908 1563 1138 1603 orationum
1162 1564 1378 1614 scrupulus
1401 1575 1493 1603 esse
1516 1566 1665 1614 potest.

368 1624 532 1663 Accedo
587 1637 693 1663 nunc
752 1624 803 1663 ad
846 1637 905 1664 or.
929 1625 961 1664 1.
1041 1623 1205 1663 Initium
1254 1636 1499 1674 quamquam
1547 1623 1667 1663 nobis

222 1684 418 1723 traditum
469 1696 548 1723 non
584 1688 659 1733 est,
711 1689 845 1723 tamen
882 1684 980 1734 quid
1013 1683 1226 1735 exciderit,
1275 1683 1397 1723 facile
1430 1687 1667 1735 computare

222 1757 453 1813 possumus.
509 1745 646 1783 Verba
678 1744 798 1794 enim,
834 1757 938 1794 quae
971 1744 1092 1783 nobis
1124 1744 1256 1794 prima
1289 1748 1517 1794 servantur,
1552 1746 1665 1783 sunt·

223 1794 345 1850 οὗτος
384 1796 406 1842 ὃ
445 1799 519 1869 τῆς
566 1798 707 1870 τύχης
743 1797 865 1857 λόγος
913 1800 1024 1842 ἴδιον
1071 1802 1144 1842 καὶ
1188 1797 1323 1858 μόνης
1369 1795 1500 1858 αὐτῆς
1545 1795 1669 1856 ἔργον

223 1857 579 1931 αποφαινοιιὲνης
610 1856 722 1902 'AM
713 1860 900 1915 ξανὸρον.
943 1861 1080 1903 Paulo
1113 1868 1209 1913 post
1241 1863 1414 1913 legimus
1437 1861 1488 1915 (c.
1515 1864 1541 1903 2
1564 1861 1662 1913 in.:)

222 1921 344 1974 οἶμαι
368 1915 436 1962 δ’
410 1936 461 1962 αν
483 1916 610 1962 αὐτὸν
642 1923 784 1963 εἰπεῖν
812 1918 920 1976 πρὸς
953 1918 1028 1976 τὴν
1059 1917 1190 1990 τύχην
1211 1924 1299 1970 τοῖς
1328 1916 1533 1990 κατορθιί
1535 1932 1667 1974 μασιν

223 1976 354 2037 αὐτὴν
385 1976 723 2037 ἐπιγράφουσαν·
772 1978 832 2038 μή
879 1996 964 2034 μου
1012 1978 1215 2035 διάβαλλε
1264 1977 1340 2037 τὴν
1386 1975 1541 2037 αρετὴν
1578 1979 1664 2021 κτλ.

223 2045 347 2083 Recte
381 2043 507 2094 igitui
540 2044 739 2083 Weberus
772 2042 828 2094 (p.
864 2038 1018 2098 89s90)
1052 2044 1260 2083 Fortunae
1293 2042 1534 2093 orationem,
1586 2054 1667 2092 qua

222 2104 502 2143 Alexandrum
536 2116 560 2142 a
594 2116 637 2143 se
671 2108 832 2142 auctum
882 2107 923 2143 et
954 2104 1104 2143 elatum
1139 2115 1231 2143 esse
1279 2102 1443 2153 dixerit,
1491 2102 1667 2153 periisse

223 2163 475 2215 suspicatur,
529 2168 574 2203 ut
622 2164 739 2213 quasi
793 2167 999 2203 certamen
1048 2164 1276 2214 Fortunae,
1330 2162 1574 2203 temeritatis
1626 2164 1668 2201 et

223 2236 358 2274 casus,
394 2236 442 2263 ae
464 2224 653 2274 Virtutis,
687 2224 862 2263 rationis
885 2227 926 2263 et
949 2223 1125 2272 consilii,
1159 2222 1364 2274 principio
1387 2222 1505 2262 huius
1529 2222 1666 2262 decla-

222 2284 415 2324 mationis
449 2284 594 2324 lectori
629 2287 723 2323 ante
747 2285 888 2323 oculos
911 2283 1167 2335 propositum
1200 2282 1336 2323 fuerit.
1380 2283 1470 2322 Hoc
1502 2285 1666 2322 contro-

222 2344 384 2383 versiae
437 2344 652 2383 artificium
706 2357 877 2394 prorsus
931 2343 1123 2383 convenit
1165 2343 1205 2382 in
1260 2342 1542 2393 Plutarchum,
1595 2342 1665 2392 qui

222 2403 387 2454 saepius
436 2416 483 2443 eo
532 2404 672 2444 utitur.
737 2404 947 2443 Habemus
987 2403 1093 2443 enim
1133 2403 1359 2443 certamina
1398 2396 1551 2457 τύχης
1582 2400 1668 2441 καὶ

223 2456 404 2530 ἀρετῆς
456 2462 719 2514 (Tim01.19
769 2464 823 2503 in.
864 2459 995 2502 ταῦτα
1041 2457 1121 2513 μὲν
1168 2450 1242 2501 οὖν
1288 2455 1352 2501 ἔτι
1400 2458 1448 2528 τῇ
1484 2460 1667 2514 προνοίᾳ

223 2522 295 2562 καὶ
328 2516 455 2576 ἀρετῇ
491 2519 643 2562 δίδωσί
674 2536 767 2562 τινα
807 2517 915 2576 πρὸς
953 2517 1028 2590 τὴν
1075 2517 1205 2591 τύχην
1251 2514 1595 2586 ἇμφισβητησιν·
1620 2515 1667 2560 τὸ

224 2576 341 2623 Mal
374 2578 538 2631 τούτοις
575 2578 800 2638 γενόμενον
833 2577 1108 2623 παντάπασιν
1153 2577 1268 2623 ἔοικε
1291 2577 1527 2650 συμβῆναι
1573 2573 1665 2621 κατ’

224 2636 434 2695 εἰτυχίαν.
484 2644 583 2684 ibid.
619 2657 653 2684 e.
674 2645 744 2685 21.
780 2644 933 2685 Cleom.
969 2656 1003 2684 c.
1023 2644 1079 2685 39
1114 2642 1207 2696 in.),
1248 2636 1402 2698 τύχης
1434 2641 1519 2682 καὶ
1549 2633 1666 2682 ἐπι-
