1884 3135
861 308 914 354 19

164 431 295 483 σίαις,
345 427 391 473 τὸ
440 429 486 473 δὲ
533 429 591 487 τῷ
635 427 754 501 παρὰ
793 427 845 473 τὰ
878 426 997 472 δεινὰ
1045 431 1231 487 θαρρεῖν
1283 430 1355 471 καὶ
1406 426 1601 487 χρῆσθαι

163 483 380 548 λογισμοῖς
435 486 638 563 ἀραρόσιν
678 486 802 561 ὅρον
854 489 1237 561 διαπεπραγμένον
1288 485 1364 531 οὐκ
1411 493 1497 543 ἔχω
1550 488 1598 546 τῇ

163 551 366 609 λεγομένῃ
385 567 459 594 του
477 546 627 610 ἀνδρὸς
645 546 818 608 εὐτυχίᾳ
835 547 1035 608 λαμπρὸν
1047 545 1286 593 ἀποδοῦναι
1303 552 1375 592 καὶ
1394 547 1603 608 διάσημον

165 616 286 670 ἔργον
317 611 402 656 κτλ.
468 617 609 666 Pelop.
634 615 674 655 9.
728 614 913 682 ,θαρρεῖν
960 608 1079 669 παρὰ
1127 608 1178 653 τὰ
1226 608 1357 653 δεινά.
1408 613 1508 653 ibid.
1528 614 1599 654 24.

165 689 295 727 comp.
316 677 470 727 Pelop.
491 676 670 715 &Mara
695 676 741 715 3:
780 669 889 729 μήτε
920 674 1066 741 χρείας
1103 668 1290 741 μεγάλης
1322 674 1600 742 ἐπικειμένης

163 730 271 791 μήτε
305 732 378 775 τοῦ
412 747 531 790 παρα
564 730 614 774 τὰ
648 729 766 774 δεινὰ
801 728 1006 782 πολλάκις
1038 728 1277 784 ἐξιστάντος
1310 728 1382 773 τὸν
1402 729 1603 802 λογισμὸν

164 792 481 847 ενθουσιασμοῦ
516 791 800 861 παρεστῶτος.
846 796 985 845 Pomp.
1011 796 1080 834 51.
1117 787 1219 848 παρ’
1254 787 1361 833 αὐτὰ
1394 788 1445 833 τὰ
1469 789 1600 834 δεινά.

165 858 277 897 Brut.
302 857 367 896 14.
392 850 576 907 μάλιστα
601 867 685 893 των
706 846 872 909 ἀνδρῶν
894 848 939 893 τὸ
964 846 1141 902 απαθὲς
1159 853 1232 893 καὶ
1255 849 1374 909 παρὰ
1399 848 1449 894 τὰ
1483 848 1601 894 δεινὰ

165 910 435 982 καθεστηκος
481 909 744 966 ἐθαύμασεν.
825 916 875 955 de
914 928 1005 964 gen.
1040 915 1153 955 Socr.
1182 917 1201 956 1
1229 913 1331 980 (575
1351 914 1407 964 e):
1455 910 1526 954 τὸν
1557 912 1603 954 δὲ

167 970 423 1042 φιλότιμον
426 987 498 1013 και
531 969 764 1029 φιλόκαλον
796 987 880 1013 των
911 967 1021 1029 ὑπὲρ
1048 967 1220 1043 άρετης
1268 967 1416 1029 ὥσπερ
1454 976 1601 1030 τέχνης

164 1030 350 1108 μεγάλης
398 1028 752 1088 απειργασμένων
798 1030 966 1089 θεατην
1014 1029 1065 1073 τὰ
1098 1028 1204 1073 καθ’
1239 1035 1394 1073 ἕκαστα
1440 1032 1603 1103 μᾶλλον

166 1087 424 1163 εὐφραίνειν·
474 1108 531 1148 τῳ
579 1094 658 1147 μὲν
704 1091 776 1134 τοῦ
824 1090 967 1142 τέλους
1017 1089 1154 1134 πολλὰ
1202 1089 1322 1134 κοινὰ
1373 1089 1480 1150 πρὸς
1529 1108 1604 1151 την

167 1151 296 1223 τύχην
327 1157 513 1206 ἔχοντος,
563 1169 634 1194 τον
682 1149 768 1194 ὄὲν
799 1157 891 1202 ταῖς
925 1155 1082 1202 αιτίαις
1115 1168 1187 1194 και
1219 1157 1306 1202 τοῖς
1339 1155 1415 1194 επὶ
1446 1158 1602 1210 μέρους

168 1208 251 1270 ἄγα
260 1228 333 1263 νας
367 1207 518 1283 άρετης
538 1209 650 1283 πρὸς
683 1228 734 1255 τα
758 1209 1087 1269 συντυγχάνοντα
1110 1214 1183 1254 καὶ
1205 1210 1362 1267 τόλμας
1385 1216 1603 1271 ἔμφρονας

169 1271 288 1329 παρὰ
336 1271 387 1315 τά
437 1270 554 1315 δεινὰ
602 1272 860 1330 καθορῶντα
894 1289 1028 1330 καιρῳ
1063 1289 1134 1315 και
1168 1270 1311 1315 πάθει
1342 1278 1604 1329 μεμιγμένου

167 1332 368 1390 λογισμοῦ
437 1334 605 1389 (Locum
663 1340 896 1387 corruptum
968 1337 1186 1376 seeundum
1240 1337 1602 1376 Bernardakisium

169 1398 307 1448 attuli,
364 1409 607 1447 quamquam
662 1409 754 1435 num
809 1397 886 1435 iam
941 1397 1076 1436 omnia
1129 1398 1253 1447 plana
1301 1398 1382 1436 sint
1430 1395 1602 1448 dubito).

171 1457 355 1507 Gry11.4
377 1470 416 1506 p.
437 1456 558 1497 9881}
591 1448 691 1506 ὑμῖν
723 1453 768 1495 δὲ
793 1450 1027 1510 προσμιγνί
1024 1469 1157 1507 μενος
1182 1451 1289 1511 πρὸς
1312 1451 1383 1496 τὸν
1403 1451 1605 1510 λογισμόν

175 1514 281 1568 (scil.
317 1509 339 1554 ὁ
371 1510 551 1567 θυμός),
603 1508 750 1569 ὥσπερ
782 1514 893 1563 οἶνος
927 1511 1035 1582 πρὸς
1074 1508 1202 1571 ιόωρ,
1236 1513 1451 1566 ἐξίσταται
1484 1511 1604 1571 παρὰ

169 1570 220 1614 τὰ
254 1570 371 1615 δεινὰ
405 1574 477 1614 καὶ
509 1568 743 1615 απολείπει
776 1570 847 1614 τὸν
878 1570 1037 1631 καιρόν.

313 1637 375 1674 Ex
420 1636 483 1675 his
531 1636 781 1686 argumentis
830 1636 931 1676 satis
965 1649 1165 1687 apparere
1198 1649 1435 1687 persuasum
1471 1637 1602 1676 habeo

169 1696 392 1736 orationem
417 1697 435 1735 1
458 1708 501 1735 re
526 1708 621 1736 vera
655 1708 679 1735 a
702 1697 921 1736 Plutarcho
956 1696 1045 1748 ipso
1079 1697 1304 1748 profectam
1337 1709 1441 1749 esse,
1492 1697 1602 1749 quod

169 1757 418 1807 priusquam·
431 1757 482 1795 ad
513 1758 682 1797 alteram
713 1758 965 1805 accederem,
1000 1758 1361 1797 demonstrandum
1394 1762 1483 1798 erat
1515 1771 1605 1798 eum

169 1820 339 1867 propter
361 1816 543 1857 Kaerstii
567 1818 800 1868 scrupulum
823 1822 919 1869 tum,
954 1817 1064 1868 qnod
1088 1817 1127 1857 in
1152 1818 1284 1857 altera
1308 1818 1606 1858 declamatione

168 1877 465 1927 perscrutanda
488 1881 528 1916 et
550 1890 638 1916 cum
660 1877 798 1927 priore
822 1878 1098 1928 comparanda
1116 1879 1220 1918 hanc
1242 1879 1457 1928 genuinam
1480 1892 1603 1929 pono.
