1884 3135
914 283 967 325 11

214 404 323 444 inter.
369 416 414 443 se
462 404 660 454 cognatos
709 414 801 442 esse
847 401 1117 453 philosophos
1166 404 1207 442 et
1245 402 1356 442 viros
1395 402 1651 453 reipublicae

216 464 378 504 deditos
416 463 661 502 Plutarchus
709 462 914 502 censuerit
960 462 1146 502 Platonis
1194 462 1423 502 doctrinam
1474 466 1650 503 secutus.

164 540 168 544 ⁴
216 522 267 563 cf.
301 523 384 563 Sol.
420 523 446 563 3
486 521 554 575 (dc
585 522 661 561 VII
710 521 965 573 sapientibus
1014 533 1065 561 ex
1113 522 1280 562 civitate
1328 523 1432 562 bene
1480 522 1653 561 admini-

215 586 347 623 strata
399 583 458 623 ita
505 580 729 634 apellatis).
793 582 941 622 Pericl.
977 582 1035 622 24
1086 582 1141 623 in.
1191 582 1307 622 Alex.
1346 583 1402 623 14
1418 582 1473 622 iu.
1527 582 1650 623 Dion.

215 644 271 684 22
289 656 340 684 m.
371 643 421 684 de
444 643 536 683 aud.
563 642 631 683 15.
656 642 706 682 de
728 642 865 682 tuend.
890 654 977 682 san.
1002 642 1072 682 25.
1107 642 1157 682 de
1191 646 1367 693 superst.
1402 642 1442 683 6.
1477 642 1531 682 de
1561 655 1652 693 cap.

214 717 264 745 ex
304 704 413 744 inim.
448 703 535 743 util.
569 704 599 744 4
630 702 684 743 in.
735 696 960 758 φιλόλογος
1006 701 1078 741 καὶ
1126 696 1363 750 πολιτικός;
1414 702 1464 743 de
1512 703 1651 744 tuend.

214 777 301 805 san.
342 765 398 805 27
431 777 470 815 p.
509 764 592 804 137
612 776 646 803 c.
700 764 839 814 Symp.
890 775 956 814 qu.
982 764 1055 802 VII
1091 764 1190 814 10,2
1238 776 1278 814 p.
1305 764 1447 804 7l5b.
1496 763 1652 815 Aperte

213 828 346 864 autem
381 824 481 864 haec
512 823 750 875 philosophi
782 826 823 863 et
851 822 1031 862 civitatis
1063 823 1352 873 gubernatoris
1382 823 1653 874 congruentia

212 884 475 935 praedicatur
506 884 547 923 in
579 896 716 935 praec.
751 896 837 934 ger.
871 883 973 934 reip.
1009 884 1031 923 1
1056 896 1107 923 m.
1142 896 1181 934 p.
1207 883 1355 924 798b:
1400 916 1408 923 .
1503 877 1655 937 χρόνον

213 936 288 983 οὐκ
320 943 433 994 ἔχεις
485 936 636 997 ἀνδρὸς
684 937 926 1011 φιλοσόφου
954 942 1049 995 βίον
1099 935 1323 996 ὕπαιθρον
1374 943 1419 982 ἐν
1471 938 1652 996 πράξεσι

215 1000 459 1050 πολιτικαῖς
505 1003 578 1042 καὶ
626 1000 848 1072 δημοσίοις
885 995 1020 1057 ἀγῶσι
1052 999 1311 1058 κατανοῆσαι
1344 1002 1415 1042 καὶ
1446 1002 1653 1056 γενέσθαι

213 1058 574 1117 παραδειγμάτων
606 1064 714 1117 ἔργῳ
760 1058 820 1118 μὴ
854 1058 964 1116 λόγῳ
1015 1064 1336 1116 περαινομένων
1382 1058 1588 1118 θεατής.

213 1124 255 1163 Si
278 1123 403 1174 igitur
424 1127 597 1163 mentem
620 1124 835 1174 scriptoris
858 1127 971 1163 recte
993 1123 1255 1174 percipimus,
1291 1123 1433 1161 mirum
1458 1123 1536 1162 iam
1569 1136 1650 1163 non

211 1184 300 1234 erit,
336 1184 406 1234 qui
437 1183 525 1223 fieri
558 1183 748 1235 potuerit,
782 1187 827 1222 ut
848 1183 1093 1223 Plutarchus
1126 1183 1204 1222 hac
1242 1195 1302 1222 or.
1325 1184 1344 1222 I
1366 1183 1646 1222 Alexandrum

209 1256 305 1283 vere
337 1243 624 1294 philosophum
659 1247 753 1283 ante
786 1244 928 1283 oculos
961 1243 1081 1283 nobis
1113 1246 1377 1293 proponeret.

354 1303 559 1355 Deinceps
606 1303 647 1343 in
687 1316 721 1344 c.
757 1304 782 1344 5
814 1316 854 1354 p.
890 1303 1016 1344 3280
1048 1302 1239 1353 legimus:
1305 1301 1376 1341 καὶ
1423 1297 1518 1350 τοὺς
1564 1302 1643 1354 μὲν

216 1358 453 1410 Πλάτωνος
484 1356 618 1417 ὀλίγοι
650 1358 803 1414 νόμους
837 1356 1219 1417 ἀναγιγνώσκομεν,
1269 1376 1374 1414 quae
1406 1364 1533 1403 verba
1565 1363 1646 1403 nisi

209 1436 233 1463 a
266 1424 451 1463 Platonis
485 1424 786 1464 studiosissimo
835 1424 991 1475 scripta
1029 1436 1121 1464 esse
1159 1437 1241 1463 non
1273 1427 1459 1474 possunt.
1525 1422 1646 1471 Quod

211 1486 462 1534 quantopere
496 1484 548 1522 ad
571 1484 831 1530 Plutarchum
864 1485 1082 1535 pertineat,
1118 1497 1219 1535 opus
1252 1497 1334 1523 non
1366 1487 1429 1524 est
1460 1483 1648 1534 pluribus

210 1555 434 1593 exponere;
477 1544 516 1581 id
550 1556 671 1582 unum
706 1556 975 1584 commemoro
1008 1544 1146 1583 multis
1179 1544 1282 1583 locis
1315 1544 1437 1583 etiam
1460 1543 1649 1583 Platonis

210 1603 341 1653 Leges
374 1603 425 1642 ab
460 1604 532 1643 illo
572 1603 699 1644 afferi.
762 1603 811 1643 cf.
847 1603 1031 1643 Diibneri
1062 1604 1151 1643 Ind.
1187 1604 1292 1642 Plut.
1337 1603 1460 1654 Oper.
1493 1604 1577 1643 vol.
1597 1603 1646 1642 V.

355 1723 532 1763 Gravius
580 1726 870 1791 argumentum
918 1736 952 1764 c.
993 1724 1019 1764 8
1067 1737 1105 1774 p.
1147 1724 1274 1764 330e
1326 1724 1520 1773 praebet,
1579 1723 1651 1762 ubi

212 1782 405 1832 legimus:
441 1783 480 1822 εἰ
513 1780 557 1822 δὲ
582 1778 642 1838 μὴ
666 1785 829 1834 ταχέως
851 1796 873 1822 ο
897 1780 1021 1837 δευρο
1044 1785 1338 1851 καταπέμψας
1360 1778 1434 1838 τὴν
1454 1775 1650 1833 Ἀλεξάν-

210 1838 312 1909 δρου
350 1838 506 1909 ψυχὴν
543 1835 825 1883 ἀνεκαλέσατο
873 1840 1058 1896 δαίμων,
1107 1845 1168 1891 εἱς
1210 1836 1261 1883 ἂν
1299 1838 1426 1895 νόμος
1458 1835 1652 1890 ἅπαντας

209 1895 473 1954 ἀνθρώπους
505 1900 703 1955 διῳκεῖτο
751 1903 823 1943 καὶ
863 1899 969 1957 πρὸς
1001 1917 1046 1944 εν
1078 1901 1244 1943 δίκαιον
1276 1897 1335 1950 (ὃς
1368 1898 1476 1956 πρὸς
1509 1898 1651 1943 κοινὸν

207 1959 450 2015 ἐπέβλεπον
482 1976 577 2017 φας
559 1960 612 2003 ‚¹
674 1964 882 2004 Plutarchi
918 1976 1018 2014 prae
1051 1965 1199 2005 ceteris
1232 1964 1443 2015 geniorum
1478 1968 1518 2003 et
1550 1964 1648 2004 dae-

208 2035 367 2062 monum
424 2023 651 2063 doctrinam
698 2024 826 2064 fuisse
879 2029 1052 2073 pernota
1110 2037 1176 2065 res
1230 2021 1327 2064 est.‘'
1397 2025 1460 2064 De
1513 2024 1647 2074 geniis

206 2082 438 2123 hominibus
470 2085 536 2123 vel
570 2083 805 2124 civitatibus
844 2084 1010 2124 tributis
1043 2084 1094 2124 cf.
1129 2086 1244 2124 Rom.
1279 2084 1335 2124 28
1355 2084 1409 2123 in.
1443 2083 1572 2123 Arist.
1608 2083 1643 2122 ἃ

207 2142 294 2182 Cat.
329 2155 459 2192 comp.
495 2144 521 2183 2
544 2143 571 2182 f.
607 2144 767 2195 Philop.
808 2144 875 2184 17.
909 2145 1055 2195 Pyrrh.
1091 2144 1161 2186 29.
1195 2146 1296 2183 Mar.
1320 2144 1391 2184 46.
1415 2144 1534 2184 Alex.
1570 2144 1641 2184 50.

205 2202 261 2242 in.
296 2200 441 2257 (Cliti).
506 2203 623 2244 Caes.
658 2203 727 2244 69.
762 2204 886 2244 Phoc.
922 2205 991 2245 30.
1026 2204 1239 2244 Demosth.
1278 2206 1318 2246 3.
1353 2204 1423 2244 21.
1487 2204 1639 2243 Anton.

206 2261 261 2301 33
280 2275 331 2301 m.
366 2263 466 2301 Brut
496 2264 567 2303 40.
602 2264 745 2303 Artax.
786 2264 835 2304 15
858 2263 886 2303 f.
938 2264 1058 2304 Galb.
1096 2264 1151 2303 10
1172 2264 1200 2303 f.
1251 2264 1300 2303 de
1333 2263 1427 2303 fort.
1463 2264 1577 2302 Rom.
1615 2264 1639 2303 7

204 2333 243 2371 p.
279 2321 406 2362 319e
439 2321 660 2373 (Augusti).
735 2324 785 2363 ll
820 2336 859 2374 p.
895 2323 1024 2364 324a
1062 2320 1278 2375 (Pompei).
1346 2323 1400 2363 12
1433 2335 1472 2373 p.
1508 2322 1641 2363 324d

206 2379 324 2431 (reip.
360 2380 507 2434 Rom.).

352 2487 364 2509 ¹
391 2486 451 2522 Ita
490 2486 588 2522 enim
631 2487 864 2523 scribendum
907 2498 1051 2529 censeo,
1094 2499 1176 2523 cum
1219 2486 1332 2523 verba
1371 2485 1536 2530 διῳκεῖτο
1579 2486 1648 2532 (ita

205 2533 288 2569 libri
316 2534 599 2570 Bernardakisio
626 2538 739 2578 teste,
779 2532 960 2579 διῴκηντο
988 2535 1124 2581 Wytt.,
1164 2534 1363 2579 διῳκοῦντο
1405 2535 1568 2580 Emper.)
1607 2538 1648 2571 et

207 2582 409 2628 ἐπέβλεπον
435 2582 528 2619 miro
554 2582 693 2619 librarii
720 2594 844 2619 errore
871 2583 909 2620 in
936 2582 1121 2620 codicibus
1147 2586 1291 2620 mutata
1318 2582 1404 2620 sint.

353 2632 368 2654 ²
393 2631 509 2667 Pohl
534 2631 732 2667 Plutarchs
757 2631 1038 2680 Damonologie.
1090 2632 1224 2678 Progr.
1250 2631 1409 2668 Vratisl.
1436 2633 1541 2672 1860,
