1884 3135
929 292 984 334 10

232 411 499 462 explorandis
532 411 641 451 haud
664 413 832 451 multum
854 415 1044 452 versatus
1075 412 1142 463 sit,
1176 412 1247 452 sed
1271 412 1471 463 imprimis
1494 413 1676 454 moribus

231 472 499 511 emendandis
532 472 750 512 studuerit.
815 472 985 522 Semper
1016 472 1122 512 enim
1157 472 1324 512 iuvenes
1373 473 1577 524 admonet,
1627 486 1679 513 ne

230 532 354 571 rebus
387 531 614 572 levioribus
659 535 701 572 et
747 532 1026 572 inutilioribus
1074 536 1234 583 tempus
1282 536 1437 583 terant3
1487 533 1593 584 plus·
1628 546 1678 573 ex

232 591 354 631 factis
394 605 515 642 quam
565 604 614 631 ex
648 592 768 632 libris
808 592 913 632 disci
954 605 1090 643 posse.
1154 592 1302 632 Pericl.
1344 592 1377 632 l.
1413 593 1454 633 2.
1488 593 1538 633 de
1570 593 1676 644 prof.

232 651 273 691 in
300 651 394 692 virt.
427 652 465 692 7.
500 665 540 703 p.
576 652 685 692 788.
721 652 771 693 (18
803 652 941 693 tuend.
977 665 1063 692 san.
1100 652 1225 693 24m.
1259 665 1298 703 p.
1339 652 1479 693 135d
1514 665 1566 692 an
1590 653 1679 693 seni

229 725 315 763 ger.
350 725 459 763 resp.
487 712 541 753 12
573 725 613 764 p.
650 712 798 754 790d:
848 704 880 781 ἢ
910 709 1074 752 πλοίων
1123 706 1203 765 μὲν
1241 705 1459 781 ἄρχοντας
1478 705 1527 753 οὗ
1560 715 1687 754 ποιεῖ

230 767 459 826 γράμματα
493 767 791 842 κυβερνητικά,
827 768 886 828 μὴ
922 768 1129 820 πολλάκις
1160 768 1409 827 γενομένους
1440 766 1486 813 ἒν
1508 768 1677 841 πρύμνῃ

229 827 397 880 θεατὰς
444 845 529 872 ταν
567 828 676 888 πρὸς
715 846 828 884 κυμα
860 833 933 873 καὶ
983 830 1151 885 πνεῦμα
1184 833 1256 873 καὶ
1303 828 1429 873 νύκτα
1462 828 1680 906 χειμέριον

231 887 409 946 άγώνων
448 924 638 942 ......
690 888 817 933 πόλιν
865 888 911 933 δὲ
944 894 1347 961 μεταχειρίσασθαι
1404 907 1476 933 και
1530 897 1678 934 πεῖσαι

232 949 368 1021 ὁημον
399 947 427 1008 ἥ
457 948 614 1008 βουλὴν
652 946 811 993 δύναιτ’
851 967 903 993 αν
934 947 1058 1007 ορθιῖ
1040 967 1084 1001 ις
1116 949 1209 1001 νέος
1241 947 1444 1022 ἀναγνοὺς
1473 951 1620 1023 βίβλον
1650 947 1678 1023 ἢ

231 1007 387 1080 σχολὴν
419 1012 521 1066 περὶ
555 1010 778 1061 πολιτείας
810 1006 856 1053 ἓν
876 1014 1058 1066 Λυκείῳ
1081 1009 1373 1081 γραψάμενος,
1408 1028 1460 1053 αν
1488 1011 1549 1069 μὴ
1574 1026 1663 1066 παρ

232 1066 354 1128 ἡνίαν
386 1073 459 1111 καὶ
492 1066 595 1126 παρ’
620 1071 746 1112 οὶακα
781 1068 989 1121 πολλάκις
1021 1069 1132 1121 στάς,
1168 1070 1436 1140 δημαγωγῶν
1458 1074 1529 1113 καὶ
1552 1085 1676 1127 στρα-

230 1129 370 1201 τηγών
387 1125 745 1186 άγωνιζοιιὲνων’
725 1133 976 1186 εμπειρίαις
990 1126 1080 1185 ἅιια
1099 1133 1170 1172 καὶ
1194 1128 1341 1184 τύχαις
1359 1128 1679 1202 συναποκλίνων

228 1186 301 1233 επ’
336 1185 575 1247 ἀμφότερα,
629 1188 739 1245 μετὰ
787 1188 994 1233 κινδύνων
1040 1207 1113 1232 και
1162 1188 1427 1247 πραγμάτων
1458 1188 1566 1248 λάβῃ
1601 1189 1677 1249 τὴν

229 1248 446 1308 μάθησιη
498 1276 556 1282 -
605 1254 794 1294 Conferri
835 1258 980 1323 potest
1027 1254 1149 1295 etiam
1197 1255 1313 1294 locus
1363 1254 1433 1295 lib.
1484 1255 1535 1294 (18
1569 1256 1674 1305 glor.

229 1315 378 1354 Athen.
417 1315 438 1355 1
463 1314 491 1355 f.
525 1328 565 1366 p.
601 1316 687 1355 345
722 1327 762 1355 8·
829 1328 880 1354 αν
926 1309 1006 1369 γὰρ
1054 1308 1205 1369 άνὲλῃς
1253 1327 1349 1362 τους
1397 1309 1674 1368 πράττοντας,

230 1367 308 1425 οὐχ
340 1367 452 1424 εξεις
484 1369 580 1421 τοὺς
611 1369 1187 1429 γράφοντας.(]11·8,νί88ἰῐῐ18
1235 1376 1422 1426 increpat
1454 1376 1674 1426 Epicurum

230 1435 400 1485 eiusque
435 1436 632 1487 asseclas,
668 1436 777 1486 quod
812 1449 836 1475 a
858 1448 903 1475 re
935 1436 1102 1486 publica
1125 1435 1411 1475 abstinendum
1441 1448 1533 1476 esse
1555 1448 1675 1486 prae-

229 1496 401 1546 cipiant3
453 1495 504 1535 cf.
540 1496 631 1534 adv.
669 1496 755 1535 Col.
792 1497 861 1536 32.
897 1496 967 1535 33.
1018 1509 1099 1535 non
1146 1508 1270 1546 posse
1319 1508 1432 1535 suaV.
1475 1496 1557 1536 viv,
1592 1508 1675 1536 sec.

229 1555 344 1605 Epic.
373 1556 439 1595 15.
465 1555 516 1594 de
545 1556 615 1594 lat.
651 1555 732 1595 viv,
767 1555 935 1605 passim.
981 1553 1087 1603 Quin
1122 1555 1242 1594 etiam
1277 1556 1497 1594 discrimen
1532 1555 1675 1594 statuit

229 1615 337 1655 inter
370 1607 626 1668 ἀπράγμονα
649 1616 713 1655 vel
752 1609 1026 1670 θεωρητικόν
1058 1619 1097 1655 et
1121 1609 1343 1654 πολιτικόν
1362 1615 1673 1666 philosophum:

229 1675 379 1726 philos.
415 1688 449 1715 c.
483 1675 614 1726 princ.
650 1676 676 1715 2
700 1675 727 1715 f.
751 1688 790 1726 p.
818 1676 960 1716 7781).
996 1675 1064 1726 (cf.
1100 1688 1178 1715 non
1214 1688 1337 1726 posse
1361 1688 1475 1714 suav.
1501 1676 1582 1714 viv.
1618 1707 1627 1715 .
1664 1707 1672 1715 .

229 1736 259 1775 4
282 1735 337 1774 in.
362 1748 404 1786 p.
442 1735 557 1775 1088
576 1748 612 1774 a.
664 1736 812 1775 Pericl.
841 1733 926 1788 16).
973 1735 1104 1786 Saepe
1143 1739 1277 1775 autem
1311 1748 1360 1775 ex
1394 1736 1527 1775 altera
1558 1739 1676 1786 parte

228 1808 399 1835 11888888
447 1808 539 1835 8888
587 1796 708 1835 docet
755 1796 868 1836 viros
917 1796 957 1835 in
1006 1808 1050 1835 re
1093 1796 1260 1847 publica
1292 1799 1506 1835 versantes
1538 1795 1672 1846 philo-

229 1855 400 1906 sophiae
433 1856 667 1896 muneribus
701 1856 925 1896 instructos
959 1868 1070 1896 esse:
1105 1856 1254 1896 Timol.
1290 1856 1330 1896 6.
1365 1856 1481 1895 Arat.
1520 1856 1586 1895 10.
1622 1855 1672 1895 (18

226 1928 341 1966 puer.
397 1916 460 1956 ed.
515 1917 569 1956 10
606 1929 646 1967 p.
683 1917 707 1956 7
731 1912 781 1956 f.¹
844 1916 993 1967 philos.
1046 1928 1079 1955 c.
1132 1916 1261 1966 princ.
1313 1919 1353 1955 et
1401 1916 1472 1954 ad
1519 1915 1670 1966 philos.

228 1976 385 2015 inerud.
420 1976 589 2026 passim.
646 1976 818 2016 Constat
850 1976 1112 2016 Plutarchum
1148 1988 1342 2015 summam
1374 1976 1566 2015 virtutem
1600 1969 1675 2030 ’ςὴν

229 2030 457 2090 πολιτικὴν
489 2028 644 2104 αρετήν
675 2036 889 2087 habuisse,
940 2036 1048 2086 quod
1091 2039 1265 2086 apparet
1297 2048 1347 2075 ex
1380 2048 1510 2086 comp.
1545 2035 1673 2075 Arist.

229 2095 264 2135 88
297 2096 385 2136 Cat.
421 2096 514 2136 mai.
550 2097 575 2136 3
610 2088 818 2144 111;,,ο’τι
848 2067 927 2147 μ’ὲν
965 2090 1025 2163 δὴ
1060 2091 1133 2150 τῆς
1173 2091 1397 2162 πολιτικῆς
1437 2088 1676 2148 ἅνθρωπος

228 2148 382 2210 αρετῆς
411 2148 460 2194 οὗ
489 2152 641 2194 κτᾶται
670 2127 935 2208 τελειοτέραν
957 2149 1294 2209 ομολογούμενόν
1314 2155 1439 2194 ἐστιν.
1471 2155 1522 2195 cf.
1550 2157 1672 2195 Marc.

228 2216 298 2256 20.
339 2228 470 2266 comp.
506 2216 604 2266 Lys.
640 2216 674 2254 &
707 2217 848 2267 Pomp.
884 2216 956 2256 2f.
992 2217 1041 2255 (18
1074 2228 1182 2255 mon.
1223 2216 1321 2265 olig.
1357 2215 1534 2255 democr.
1573 2215 1670 2254 lin.

226 2275 477 2326 Saepissime
525 2276 647 2315 etiam
680 2277 853 2315 voculae
894 2270 1133 2330 φιλόσοφος
1165 2281 1205 2315 et
1238 2268 1459 2321 πολιτικός
1507 2275 1673 2314 coniun-

229 2338 398 2385 guntur,
454 2335 533 2375 etsi
586 2349 667 2375 non
717 2336 995 2376 contenderim
1047 2336 1166 2386 quasi
1215 2348 1336 2374 unum
1376 2335 1563 2385 idemque
1598 2336 1674 2374 hac

228 2395 491 2447 copulatione
514 2396 759 2447 significari3
796 2396 874 2436 hoc
907 2399 1062 2435 tautum
1087 2395 1403 2446 demonstratur,
1429 2408 1549 2446 quam
1584 2399 1673 2434 arte

372 2549 385 2572 ¹
429 2548 548 2595 Quem
590 2548 723 2586 librum
770 2548 1079 2596 Wyttenbachius
1124 2548 1257 2594 aliique
1299 2547 1450 2592 iniuria,
1500 2550 1543 2584 ut
1585 2546 1674 2584 mihi

227 2597 374 2642 quidem
402 2597 559 2641 videtur,
598 2610 620 2633 a
645 2597 850 2634 Plutarcho
878 2598 1193 2640 abiudicaveruut,
1234 2597 1329 2644 quod
1356 2598 1424 2633 hoc
1461 2598 1540 2633 loco
1568 2607 1673 2633 accu-

226 2644 345 2685 ratius
372 2656 557 2691 exponere
586 2657 660 2681 non
685 2656 848 2691 possum.
